% Encoding: UTF-8
@String { APR               = {Apr} }


@String { AROMATICS            = {ACM Trans. Computer Systems} }
@String { AUG               = {Aug} }
@String { AW                = {Addison-Wesley} }
@String { CACM              = {Comm. of the ACM} }
@String { CC                = {Computer Communications} }
@String { CCR               = {ACM CCR} }
@String { ComNet            = {Computer Networks} }
@String { COMPUTER          = {IEEE Computer Magazine} }
@String { CONEXT            = {ACM CoNEXT} }
@String { CP                = {Cisco Press} }
@String { DEC               = {Dec} }
@String { FEB               = {Feb} }
@String { FREENIX           = {Freenix} }
@String { FTCS              = {Int. Symp. on Fault-Tolerant Computing} }
@String { GINET             = {Glob. Internet} }
@String { GLOBECOM          = {IEEE GLOBECOM} }
@String { HOTNETS           = {SIGCOMM HotNets} }
@String { HSNMC             = {High Speed Networking and Multimedia Computing Symp.} }
@String { ICC               = {ICC} }
@String { ICNP              = {IEEE ICNP} }
@String { IEEECOM           = {IEEE Communication Magazine} }
@String { IEEEJSAC          = {IEEE J. on Sel. Areas in Comm.} }
@String { IEEENET           = {IEEE Network Magazine} }
@String { IEEEST            = {IEEE Comm. Surveys and Tutorials} }
@String { IEEETCOM          = {IEEE Trans. Communications} }
@String { IEEETIT           = {IEEE Trans. Information Theory} }
@String { IEEETON           = {IEEE/ACM Trans. Networking} }
@String { IJCS              = {International J. on Communication Systems} }
@String { IJDACS            = {International J. on Digital and Analog Communication Systems} }
@String { IMC               = {ACM IMC} }
@String { IMW               = {ACM IMW} }
@String { INET              = {INET} }
@String { INFOCOM           = {IEEE INFOCOM} }
@String { INFOCOM-workshops = {INFOCOM Workshops} }
@String { INTERNETWORK      = {J. of Internetworking: Research and Experience} }
@String { IPJ               = {Internet Protocol Journal} }
@String { JACM              = {J. of the ACM} }
@String { JAN               = {Jan} }
@String { JUL               = {Jul} }
@String { JUN               = {Jun} }
@String { MAR               = {Mar} }
@String { MAY               = {May} }
@String { MTA               = {Multimedia Tools and Applications} }
@String { NETECON           = {NetEcon} }
@String { Networking        = {IFIP Networking} }
@String { NOV               = {Nov} }
@String { NSDI              = {NSDI} }
@String { OCT               = {Oct} }
@String { OSDI              = {ACM OSDI} }
@String { PAM               = {PAM} }
@String { PH                = {Prentice Hall} }
@String { PIEEE             = {Proc. of the IEEE} }
@String { PNAS              = {PNAS} }
@String { PRDC              = {PRDC} }
@String { SEP               = {Sep} }
@String { SIGCOMM           = {ACM SIGCOMM} }
@String { SIGMETRICS        = {ACM SIGMETRICS} }
@String { SODA              = {ACM/SIAM SODA} }
@String { SOSP              = {ACM SOSP} }
@String { SP                = {Springer} }
@String { TSWS              = {ACM SIGCOMM Network Troubleshooting Workshop} }
@String { USENIX            = {Usenix} }
@String { WWW               = {WWW} }

@online{CloudflareDDoSReport,
  author = {Cloudflare},
  title = {{DDoS attack trends for 2021 Q1}},
  url = {https://blog.cloudflare.com/ddos-attack-trends-for-2021-q1/},
  year = 2021,
  organization = {Cloudflare}
}

@online{AWSDDoSReport,
  author = {Amazon},
  title = {{AWS Shield Threat Landscape Report}},
  url = {https://aws-shield-tlr.s3.amazonaws.com/2020-Q1_AWS_Shield_TLR.pdf},
  year = 2020
}

@online{GoogleCloudReport,
author = {Google},
title ={{Exponential growth in DDoS attack volumes}},
url =
{www.cloud.google.com/blog/products/identity-security/identifying-and-protecting-against-the-largest-ddos-attacks},
year = 2020
}

@inproceedings{p2pmatthias,
  author = {M.~Wichtlhuber and S.~B\"ucker and R.~Kluge and M.~Mousavi and D.~Hausheer},
  title = {{Of Strategies and Structures: Motif-based Fingerprinting Analysis
of Online Reputation Networks}},
  booktitle = {IEEE LCN},
  year = 2016
}

@article{p2ptrust,
  author = {F.~G.~M\'{a}rmol and G.~P\'{e}rez},
  title = {{Security Threats Scenarios in Trust and Reputation Models for
Distributed Systems}},
  year = {2009},
  volume = {28},
  number = {7},
  journal = {Elsevier Computer Security}
}

@inproceedings{phasing-paper,
  author = {B.~Pinkas and T.~Schneider and G.~Segev and M.~Zohner},
  title = {{Phasing: Private Set Intersection Using Permutation-based Hashing}},
  booktitle = {{USENIX} Security Symposium},
  year = {2015}
}

@inproceedings{DDoSNeverDies,
  title = {{DDoS} Never Dies? An {IXP} Perspective on {DDoS} Amplification Attacks},
  author = {D.~Kopp and C.~Dietzel and O.~Hohlfeld},
  booktitle = PAM,
  year = 2021,
}

@online{dfnDT,
	title = {Deutsches Forschungs Netz (AS680): COVID-19 Pandemic News Ticker},
	url = {https://www.dfn.de/alle-meldungen-aus-dem-newsticker-zur-covid-19-pandemie/},
	month = Apr,
	year = 2020
}

@online{decixDubaiHomeschooling,
	title = {DE-CIX Virtual Get-together - Focus Middle East \& Asia 22 Apr 2020},
    author = {{DE-CIX}},
	month = Apr,
	url = {https://www.youtube.com/watch?v=DfPt10aopns},
	year = 2020,
}

@inproceedings{FacebookCovid,
	title = {{How the Internet reacted to Covid-19 --- A perspective from
Facebook's Edge Network}},
	author = {T.~Boettger and G.~Ibrahim and B.~Vallis},
	booktitle = IMC,
	year = 2020,
}

@inproceedings{CovidCybercrime,
	title = {{Turning Up the Dial: the Evolution of a Cybercrime Market Through Set-up, Stable, and COVID-19 Eras}},
	author = {A.~V.~Vu and J.~Hughes and I.~Pete and B.~Collier and Y.~T.~Chua and I.~Shumailov and A.~Hutchings},
	booktitle = IMC,
	year = 2020,
}

@inproceedings{CovidTelefonica,
	title = {{A Characterization of the COVID-19 Pandemic Impact on a Mobile Network Operator Traffic}},
	author = {A.~Lutu and D.~Perino and M.~Bagnulo and E.~Frias-Martinez and J.~Khangosstar},
	booktitle = IMC,
	year = 2020,
}

@misc{ripe80NewPoP,
	title = {{Experience on deploying a new remote PoP during COVID-19 restriction}},
	author = {B.~Schilz and R.~Maunier},
	howpublished = {RIPE 80, \url{https://ripe80.ripe.net/wp-content/uploads/presentations/26-Volterra-Ripe-connect-presentation.pdf}},
	year = 2020,
	month = May
}

@misc{ripeIXPs,
	title = {{COVID-19 \& IXPs}},
	author = {B.~Sanghani},
	howpublished = {RIPE 80, \url{https://ripe80.ripe.net/wp-content/uploads/presentations/27-ripe80-covid-ixp-1.pdf}},
	year = 2020,
	month = May
}

@online{dfnCovid,
	title = {German National Research and Education Network: COVID-19 Newsticker},
    author = {{DFN}},
	url = {https://www.dfn.de/alle-meldungen-aus-dem-newsticker-zur-covid-19-pandemie/},
	year = 2020,
	month = Apr
}


@online{snijdersNetOps,
	title = {{Internet Network Operations during Pandemics}},
	author = {J.~Snijders},
	url = {https://www.youtube.com/watch?v=tFeVlzBxICc},
	year = 2020,
	month = Mar
}

@inproceedings{applecdn,
	title = {{Dissecting Apple's Meta-CDN during an iOS Update}},
author = {J. Blendin and F. Bendfeldt and I. Poese and B. Koldehofe and O. Hohlfeld},
	booktitle = IMC,
	year = 2018
}

@Misc{Emile:blog:AMSIX-failure,
  Title                    = {{Does the Internet Route Around Damage? A Case Study Using RIPE Atlas}},

  Author                   = {E.~Aben},
  HowPublished             = {RIPE Labs, \url{https://labs.ripe.net/Members/emileaben/does-the-internet-route-around-damage}}
}

@Misc{Emile:blog:BGP-Tale,
  Title                    = {{A Tale of BGP Collectors and Customer Cones}},

  Author                   = {E.~Aben},
  HowPublished             = {RIPE Labs, \url{https://labs.ripe.net/Members/emileaben/a-tale-of-bgp-collectors-and-customer-cones}}
}

@InProceedings{Portload,
  Title                    = {{PortLoad: Taking the Best of Two Worlds in Traffic Classification}},
  Author                   = {G.~Aceto and A.~Dainotti and W.~de Donato and A.~Pescape},
  Booktitle                = INFOCOM-workshops,
  Year                     = {2010}
}




@InProceedings{unreeling-netflix,
  Title                    = {{Unreeling Netflix: Understanding and Improving Multi-CDN Movie Delivery}},
  Author                   = {V.~K.~Adhikari and Y.~Guo and F.~Hao and M.~Varvello and V.~Hilt and M.~Steiner and Z.~-L.~Zhang},
  Booktitle                = INFOCOM,
  Year                     = {2012}
}

@InProceedings{vivisecting-youtube,
  Title                    = {{Vivisecting YouTube: An Active Measurement Study}},
  Author                   = {V.~K.~Adhikari and S.~Jain and Y.~Chen and Z.~-L.~Zhang},
  Booktitle                = INFOCOM,
  Year                     = {2012}
}

@InProceedings{YouTube-active:Infocom2012,
  Title                    = {{Vivisecting YouTube: An Active Measurement Study}},
  Author                   = {V.~K.~Adhikari and S.~Jain and Y.~Chen and Z.~-L.~Zhang},
  Booktitle                = INFOCOM,
  Year                     = {2012}
}

@InProceedings{Youtube-Traffic-Characteristics:2010,
  Title                    = {{YouTube traffic dynamics and its interplay with a tier-1 ISP: an ISP perspective}},
  Author                   = {V.~K.~Adhikari and S.~Jain and Z.~-L.~Zhang},
  Booktitle                = IMC,
  Year                     = {2010}
}

@InProceedings{sigcomm12-ixp,
  Title                    = {{Anatomy of a Large European IXP}},
  Author                   = {B.~Ager and N.~Chatzis and A.~Feldmann and N.~Sarrar and S.~Uhlig and W.~Willinger},
  Booktitle                = SIGCOMM,
  Year                     = {2012}
}

@InProceedings{Cartography:IMC2011,
  Title                    = {{Web Content Cartography}},
  Author                   = {B.~Ager and W.~M\"uhlbauer and G.~Smaragdakis and S.~Uhlig},
  Booktitle                = IMC,
  Year                     = {2011}
}

@InProceedings{UGCcacheability,
  Title                    = {{Revisiting Cacheability in Times of User Generated Content}},
  Author                   = {B.~Ager and F.~Schneider and J.~Kim and A.~Feldmann},
  Booktitle                = {IEEE GI},
  Year                     = {2010}
}

@InProceedings{tarpits,
  Title                    = {{Uncovering Network Tarpits with Degreaser}},
  Author                   = {L.~Alt and R.~Beverly and A.~Dainotti},
  Booktitle                = {ACSAC},
  Year                     = {2014}
}

@TechReport{Heidemann:2015:Outages,
  Title                    = {{Evaluating Externally Visible Outages}},
  Author                   = {A.~Alwabel and J.~Healy and J.~Heidemann and B.~Luu and Y.~Pradkin and R.~Safavian},
  Institution              = {USC/Information Sciences Institute},
  Year                     = {2015},
  Month                    = aug,
  Number                   = {ISI-TR-701}
}

@inproceedings{bogutz2019identifying,
  title={{Identifying Important Internet Outages}},
  author={R.~Bogutz and Y.~Pradkin and J.~Heidemann},
  booktitle={IEEE Big Data},
  year={2019}
}

@inproceedings{dainotti2011analysis,
  title={{Analysis of country-wide internet outages caused by censorship}},
  author={A.~Dainotti and C.~Squarcella and E.~Aben and K.~Claffy and M.~Chiesa and M.~Russo and A.~Pescap{\'e}},
  booktitle=IMC,
  year={2011}
}

@InProceedings{VerifiableAuctions:SIGCOMM2013,
  Title                    = {{Verifiable auctions for online ad exchanges}},
  Author                   = {S.~Angel and M.~Walfish},
  Booktitle                = SIGCOMM,
  Year                     = {2013}
}

@Misc{Full-TR,
  Title                    = {{Full Technical Report}},

  Author                   = {{Anonymous}},
  HowPublished             = {\url{s3.amazonaws.com/kepler.amazon.com/paper.pdf}}
}

@Misc{outage-telecity-BT-2016-ars,
  Title                    = {{BT, other ISPs hit by second major Internet outage-power failure blamed}},

  Author                   = {{Ars Technica}},
  HowPublished             = {\url{http://arstechnica.co.uk/business/2016/07/bt-isps-telehouse-north-major-outage/}},
  Month                    = {July},
  Year                     = {2016}
}

@Misc{equinix-financial2013,
  Title                    = {{Equinix Cross-connects Hit 110,000}},

  Author                   = {Tein Atkerson},
  HowPublished             = {\url{https://blog.equinix.com/2013/08/equinix-cross-connects-hit-110000/}}
}

@Misc{atnog-amsix-outage,
  Title                    = {AMSIX Heute},

  Author                   = {{ATNOG Mailing List}},
  HowPublished             = {\url{https://atnog.at/pipermail/atnog/2015-May/000022.html}},
  Month                    = {May},
  Year                     = {2015}
}

@InProceedings{paris-traceroute,
  Title                    = {{Avoiding traceroute anomalies with Paris traceroute}},
  Author                   = {B.~Augustin and X.~Cuvellier and B.~Orgogozo and F.~Viger and T.~Friedman and M.~Latapy and C.~Magnien and R.~Teixeira},
  Booktitle                = IMC,
  Year                     = {2006}
}

@InProceedings{IXPs-Mapped:IMC2009,
  Title                    = {{IXPs: Mapped?}},
  Author                   = {B.~Augustin and B.~Krishnamurthy and W.~Willinger},
  Booktitle                = IMC,
  Year                     = {2009}
}

@Misc{GoogleGlobalCache-Afnog,
  Title                    = {{The Value of Content Distribution Networks}},

  Author                   = {M.~Axelrod},
  HowPublished             = {AfNOG 9, 2008}
}

@Misc{Gates-Content-King,
  Title                    = {{Content is King}},

  Author                   = {{B.~Gates}},
  HowPublished             = {{Microsoft Essay, 1/3/96}}
}

@Article{Bailis-network-is-reliable,
  Title                    = {{The Network is Reliable}},
  Author                   = {P.~Bailis and K.~Kingsbury},
  Journal                  = CACM,
  Year                     = {2014},
  Number                   = {9},
  Volume                   = {57}
}

@InProceedings{Outages-mailing-lists,
  Title                    = {{Internet Outages, the Eyewitness Accounts: Analysis of the Outages Mailing List}},
  Author                   = {R.~Banerjee and A.~Razaghpanah and L.~Chiang and A.~Mishra and V.~Sekar and Y.~Choi and P.~Gill},
  Booktitle                = {PAM},
  Year                     = {2015}
}

@InProceedings{Adscape,
  Title                    = {{Adscape: Harvesting and Analyzing Online Display Ads}},
  Author                   = {P.~Barford and I.~Canadi and D.~Krushevskaja and Q.~Ma and S.~Muthukrishnan},
  Booktitle                = WWW,
  Year                     = {2014}
}

@Article{google-web-search-micro,
  Title                    = {{Web Search for a Planet: The Google Clustering Architecture}},
  Author                   = {L.~A.~Barroso and J.~Dean and U.~Holzle},
  Journal                  = {IEEE Micro},
  Year                     = {2003},
  Volume                   = {23}
}

@Misc{ripe-rs-1993,
  Title                    = {{Implementation of a Route Server for Policy Based Routing across the GIX Project}},

  Author                   = {T.~Bates},
  Year                     = {1993}
}

@Misc{IETF-RFC5635,
  Title                    = {{Remote Triggered Black Hole Filtering with Unicast Reverse Path Forwarding (uRPF)}},
  Author                   = {W.~Kumari and D.~McPherson},
  HowPublished             = {{IETF RFC 5635}},
  Year                     = {2009}
}
@Misc{IETF-RFC1966,
  Title                    = {{BGP Route Reflection: An alternative to full mesh IBGP}},
  Author                   = {T.~Bates and R.Chandra},
  HowPublished             = {{IETF RFC 1966}},
  Year                     = {1996}
}

@Misc{pinder,
  Title                    = {{PINDER: peer speed-dating}},

  Author                   = {A.~Beccaris and D.~Quinn and D.~Barroso and H.~Adollarsson and M.~Walster},
  HowPublished             = {RIPE NCC IXP tools hackathon. \url{http://accel.waffle.sexy/pinder.pdf}},
  Month                    = {October},
  Year                     = {2016}
}

@InProceedings{benson2012gaining,
  Title                    = {{Gaining Insight into AS-level Outages through Analysis of Internet Background Radiation}},
  Author                   = {K.~Benson and A.~Dainotti and K.~Claffy and E.~Aben},
  Booktitle                = {TMA},
  Year                     = {2012}
}

@InProceedings{benson2010network,
  Title                    = {Network traffic characteristics of data centers in the wild},
  Author                   = {T.~Benson and A.~Akella and D.~A.~Maltz},
  Booktitle                = IMC,
  Year                     = {2010}
}

@InProceedings{MicroTE:2011,
  Title                    = {{MicroTE: Fine Grained Traffic Engineering for Data Centers}},
  Author                   = {T.~Benson and A.~Anand and A.~Akella and M.~Zhang},
  Booktitle                = CONEXT,
  Year                     = {2011}
}

@InProceedings{IPv4-IPv6-Relationship:IMC2013,
  Title                    = {{Internet Nameserver IPv4 and IPv6 Address Relationships}},
  Author                   = {A.~Berger and N.~Weaver and R.~Beverly},
  Booktitle                = IMC,
  Year                     = {2013}
}

@InProceedings{DNS-to-Rescue:IMC2012,
  Title                    = {{DNS to the Rescue: Discerning Content and Services in a Tangled Web}},
  Author                   = {I.~Bermudez and M.~Melia and M.~Munafo and R.~Keralapura and A.~Nucci},
  Booktitle                = IMC,
  Year                     = {2012}
}

@InProceedings{DNS-to-Rescue,
  Title                    = {{DNS to the Rescue: Discerning Content and Services in a Tangled Web}},
  Author                   = {I.~Bermudez and M.~Mellia and M.~Munaf\`{a} and R.~Keralapura and A.~Nucci},
  Booktitle                = IMC,
  Year                     = {2012}
}

@InProceedings{recognition-encrypted,
  Title                    = {Early Recognition of Encrypted Applications},
  Author                   = {L.~Bernaille and R.~Teixeira},
  Booktitle                = PAM,
  Year                     = {2007}
}

@Article{beverlypotential,
  Title                    = {{On the Potential for Mining Unstructured Public Data to Aid Network Intelligence}},
  Author                   = {R.~Beverly and L.~Alt},
  Year                     = {2014},

  Booktitle                = {ACSAC}
}

@InProceedings{Dual-Server-Siblings:PAM2015,
  Title                    = {{Server Siblings: Identifying Shared IPv4/IPv6 Infrastructure via Active Fingerprinting}},
  Author                   = {R.~Beverly and A.~Berger},
  Booktitle                = PAM,
  Year                     = {2015}
}

@InProceedings{IPv6-router-availability:PAM2015,
  Title                    = {{Measuring and Characterizing IPv6 Router Availability}},
  Author                   = {R.~Beverly and M.~Luckie and L.~Mosley and k.~claffy},
  Booktitle                = PAM,
  Year                     = {2015}
}

@InProceedings{python-nltk,
  Title                    = {{NLTK: The Natural Language Toolkit}},
  Author                   = {S.~Bird},
  Booktitle                = {COLING-ACL},
  Year                     = {2006}
}

@InProceedings{google-crawling,
  Title                    = {{The anatomy of a large-scale hypertextual Web search engine}},
  Author                   = {S.~Brin and L.~Page},
  Booktitle                = WWW,
  Year                     = {1998}
}

@InProceedings{LAT-IXP-study:PAM2016,
  Title                    = {{Dissecting the Largest National Ecosystem of Public Internet eXchange Points in Brazil}},
  Author                   = {S.~Brito and M.~Santos and R.~Fontes and D.~Perez and C.~Rothenberg},
  Booktitle                = PAM,
  Year                     = {2016}
}

@Misc{BITAG-Interconnection,
  Title                    = {{Interconnection and Traffic Exchange on theInternet}},

  Author                   = {{Broadband Internet Technical Advisory Group Report (BITAG)}},
  Year                     = {2014}
}

@InProceedings{bu2002characterizing,
  Title                    = {On characterizing BGP routing table growth},
  Author                   = {Bu, Tian and Gao, Lixin and Towsley, Don},
  Booktitle                = {Global Telecommunications Conference, 2002. GLOBECOM'02. IEEE},
  Year                     = {2002},
  Organization             = {IEEE},
  Pages                    = {2185--2189},
  Volume                   = {3}
}

@InProceedings{rr1,
  Title                    = {{Designing optimal iBGP route-reflection topologies}},
  Author                   = {M.~O.~Buob and S.~Uhlig andM.~Meulle},
  Booktitle                = Networking,
  Year                     = {2008}
}

@InProceedings{Optometry:IMC2009,
  Title                    = {{Internet Optometry: Assessing the Broken Glasses in Internet Reachability}},
  Author                   = {R.~Bush and O.~Maennel and M.~Roughan and S.~Uhlig},
  Booktitle                = IMC,
  Year                     = {2009}
}

@InProceedings{Website-Complexity,
  Title                    = {{Understanding Website Complexity: Measurements, Metrics, and Implications.}},
  Author                   = {M.~Butkiewicz and H.~Madhyastha and V.~Sekar},
  Booktitle                = IMC,
  Year                     = {2011}
}

@Article{Web-Page-Complexity:ToN2013,
  Title                    = {{Characterizing Web Page Complexity and Its Impact}},
  Author                   = {M.~Butkiewicz and H.~V.~Madhyastha and V.~Sekar},
  Journal                  = IEEETON,
  Year                     = {2014},
  Number                   = {3},
  Volume                   = {22}
}

@PhdThesis{Caesar:2003:root,
  Title                    = {{Root cause analysis of BGP dynamics}},
  Author                   = {M.~Caesar},
  School                   = {PhD Dissertation, Department of Electrical Engineering and Computer Sciences, University of California at Berkeley},
  Year                     = {2003}
}

@Article{caesar2005bgp,
  Title                    = {{BGP Routing Policies in ISP networks}},
  Author                   = {M.~Caesar and J.~Rexford},
  Journal                  = {IEEE network},
  Year                     = {2005},
  Number                   = {6},
  Pages                    = {5--11},
  Volume                   = {19}
}

@InProceedings{Cai:SIGCOMM2010,
  Title                    = {{Understanding Block-Level Address Usage in the Visible Internet}},
  Author                   = {X.~Cai and J.~Heidemann},
  Booktitle                = SIGCOMM,
  Year                     = {2010}
}

@InProceedings{Cai:IMC2010,
  Title                    = {{Towards an AS-to-Organization Map}},
  Author                   = {X.~Cai and J.~Heidemann and B.~Krishnamurthy and W.~Willinger},
  Booktitle                = IMC,
  Year                     = {2010}
}

@InProceedings{Google-Expansion:IMC2013,
  Title                    = {{Mapping the Expansion of Google's Serving Infrastructure}},
  Author                   = {M.~Calder and X.~Fan and Z.~Hu and E.~Katz-Bassett and J.~Heidemann and R.~Govindan},
  Booktitle                = IMC,
  Year                     = {2013}
}

@Article{TC-IEEESurvey,
  Title                    = {{A Survey on Internet Traffic Identification}},
  Author                   = {A.~Callado and C.~Kamienski and G.~Szabo and B.~Gero J.~and Kelner and S.~Fernandes and D.~Sadok},
  Journal                  = IEEEST,
  Year                     = {2009}
}

@InProceedings{Conext2014-remote-peering,
  Title                    = {{Remote Peering: More Peering without Internet Flattening}},
  Author                   = {I.~Castro and J.~C.~Cardona and S.~Gorinsky and P.~Francois},
  Booktitle                = CONEXT,
  Year                     = {2014}
}

@Misc{rfc1997,
  Title                    = {{{BGP} Communities Attribute}},
  Author                   = {R.~Chandra and P.~Traina and T.~Li},
  HowPublished             = {{IETF RFC 1997}},
  Year                     = {1996},
  No_month                 = {#Aug#},
  Number                   = {1997}
}

@InProceedings{google-bigtable,
  Title                    = {{Bigtable: A Distributed Storage System for Structured Data}},
  Author                   = {F.~Chang and J.~Dean and S.~Ghemawat and W.~C.~Hsieh and D.~A.~Wallach and M.~Burrows and T.~Chandra and A.~Fikes and R.~E.~Gruber},
  Booktitle                = OSDI,
  Year                     = {2006}
}

@InProceedings{chang:2001,
  Title                    = {{Inferring AS-level Internet topology from router-level path traces}},
  Author                   = {H.~Chang and S.~Jamin and W.~Willinger},
  Booktitle                = {ITCom},
  Year                     = {2001}
}

@InProceedings{imc13_ixp,
  Title                    = {{On the benefits of using a large IXP as an Internet vantage point}},
  Author                   = {N.~Chatzis and G.~Smaragdakis and J.~Boettger and T.~Krenc and A.~Feldmann},
  Booktitle                = IMC,
  Year                     = {2013}
}

@Article{CCR-OpenIX,
  Title                    = {{Quo vadis Open-IX? Trying to boost public peering in the US}},
  Author                   = {N.~Chatzis and G.~Smaragdakis and A.~Feldmann and W.~Willinger},
  Journal                  = CCR,
  Year                     = {2015},
  Number                   = {1},
  Volume                   = {45}
}

@Article{CCR13-IXP,
  Title                    = {{There is More to IXPs than Meets the Eye}},
  Author                   = {N.~Chatzis and G.~Smaragdakis and A.~Feldmann and W.~Willinger},
  Journal                  = CCR,
  Year                     = {2013},
  Number                   = {5},
  Volume                   = {43}
}

@Article{CCR-IXP,
  Title                    = {{There is More to IXPs than Meets the Eye}},
  Author                   = {N.~Chatzis and G.~Smaragdakis and A.~Feldmann and W.~Willinger},
  Journal                  = CCR,
  Year                     = {2013},
  Number                   = {5},
  Volume                   = {45}
}

@InProceedings{Akamai-Mapping-EDNS-2015,
  Title                    = {{End-User Mapping: Next Generation Request Routing for Content Delivery}},
  Author                   = {F.~Chen and R.~K.~Sitaraman and M.~Torres},
  Booktitle                = SIGCOMM,
  Year                     = {2015}
}

@InProceedings{chen2009sidewalk,
  Title                    = {{Where the sidewalk ends: Extending the Internet AS graph using traceroutes from P2P users}},
  Author                   = {K.~Chen and D.~Choffnes and R.~Potharaju and Y.~Chen and F.~Bustamante and D.~Pei and Y.~Zhao},
  Booktitle                = CONEXT,
  Year                     = {2009}
}

@InProceedings{CharacterizingRoles:IMC2011,
  Title                    = {{Characterizing Roles of Front-End Servers in End-to-End Performance of Dynamic Content Distribution}},
  Author                   = {Y.~Chen and S.~Jain and V.~K.~Adhikari and Z.~-L.~Zhang},
  Booktitle                = IMC,
  Year                     = {2011}
}

@InProceedings{provider-side-search:SIGCOMM2013,
  Title                    = {{A Provider-side View of Web Search Response Time}},
  Author                   = {Y.~Chen and R.~Mahajan and B.~Sridharan and Z.~-L.~Zhang},
  Booktitle                = SIGCOMM,
  Year                     = {2013}
}

@Book{firewall,
  Title                    = {{Firewalls and Internet Security: repelling the wily hacker}},
  Author                   = {W.~R.~Cheswick and S.~M.~Bellovin and A.~D.~Rubin},
  Publisher                = {Addison-Wesley},
  Year                     = {2003}
}

@Article{interdomainrouting:commag2016,
  Title                    = {{Inter-domain Networking Innovation on Steroids: Empowering IXPs with SDN Capabilities}},
  Author                   = {M.~Chiesa and C.~Dietzel and G.~Antichi and M.~Bruyere and I.~Castro and M.~Gusat and T.~King and A.~Moore and T.~Nguyen and P.~Owezarski and S.~Uhlig and M.~Canini},
  Journal                  = {IEEE Communications Magazine},
  Year                     = {2016},
  Number                   = {10},
  Pages                    = {102--108},
  Volume                   = {54}
}

@InProceedings{Earthquake-Japan,
  Title                    = {{The Japan Earthquake: the impact on traffic and routing observed by a local ISP}},
  Author                   = {K.~Cho and C.~Pelsser and R.~Bush and Y.~Won},
  Booktitle                = {ACM CoNEXT SWID workshop},
  Year                     = {2011}
}

@Misc{BGP-path-selection,
  Title                    = {{BGP Best Path Selection Algorithm}},

  Author                   = {{CISCO}},
  HowPublished             = {\url{http://www.cisco.com/c/en/us/support/docs/ip/border-gateway-protocol-bgp/13753-25.html}}
}

@Misc{Cisco-Unicast-Reverse-Path-FWD,
  Title                    = {{Unicast Reverse Path Forwarding Strict Mode}},

  Author                   = {CISCO},
  HowPublished             = {Cisco White Paper,\url{http://www.cisco.com/c/en/us/td/docs/ios-xml/ios/sec_data_urpf/configuration/xe-16/sec-data-urpf-xe-16-book/cfg-unicast-rpf.pdf}}
}

@Misc{Cisco-remotely-triggered-black-hole-filtering,
  Title                    = {{Remotely Triggered Black Hole Filtering - Destination Based and Source Based}},

  Author                   = {CISCO},
  HowPublished             = {Cisco White Paper, \url{http://www.cisco.com/c/dam/en_us/about/security/intelligence/blackhole.pdf}},
  Year                     = {2005}
}

@InProceedings{claffy2009internet,
  Title                    = {{Internet Mapping: From Art to Science}},
  Author                   = {K.~Claffy and Y.~Hyun and K.~Keys and M.~Fomenkov and D.~Krioukov},
  Booktitle                = {Conference For Homeland Security, 2009. CATCH'09. Cybersecurity Applications \& Technology},
  Year                     = {2009}
}

@Misc{IPFIX,
  Title                    = {{RFC 7011: Specification of the IPFIX Protocol for the Exchange of Flow Information}},
  Author                   = {Claise, B. and Trammell, B. and Aitken, P.},
  Year                     = {2013},
  Publisher                = {Sep}
}

@InProceedings{Design-Philosophy-DARPA,
  Title                    = {{The Design Philosophy of the DARPA Internet Protocols}},
  Author                   = {D.~D.~Clark},
  Booktitle                = SIGCOMM,
  Year                     = {1988}
}

@InProceedings{Tussle:conf,
  Title                    = {{Tussle in Cyberspace: Defining Tomorrow's Internet}},
  Author                   = {D.~D.~Clark and J.~Wroclawski and K.~Sollins and R.~Braden},
  Booktitle                = SIGCOMM,
  Year                     = {2002}
}

@InProceedings{Akamai-Query,
  Title                    = {{Keeping Track of 70,000+ Servers: The Akamai Query System}},
  Author                   = {J.~Cohen and T.~Repantis and S.~McDermott and S.~Smith and J.~Wein},
  Booktitle                = {{USENIX LISA}},
  Year                     = {2010}
}

@InProceedings{Cuevas:CONEXT2010,
  Title                    = {{Is Content Publishing in BitTorrent Altruistic or Profit-Driven?}},
  Author                   = {R.~Cuevas and M.~Kryczka and A.~Cuevas and S.~Kaune and C.~Guerrero and R.~Rejaie},
  Booktitle                = CONEXT,
  Year                     = {2010}
}

@InProceedings{Measuring-IPv6-Adoption,
  Title                    = {{Measuring IPv6 Adoption}},
  Author                   = {J.~Czyz and M.~Allman and J.~Zhang and S.~Iekel-Johnson and E.~Osterweil and M.~Bailey},
  Booktitle                = SIGCOMM,
  Year                     = {2014}
}

@InProceedings{NTP-DDoS,
  Title                    = {{Taming the 800 Pound Gorilla: The Rise and Decline of NTP DDoS Attacks}},
  Author                   = {J.~Czyz and M.~Kallitsis and M.~Gharaibeh and C.~Papadopoulos and M.~Bailey and M.~Karir},
  Booktitle                = IMC,
  Year                     = {2014}
}

@Article{Extracting-benefit-harm:CCR,
  Title                    = {{Extracting Benefit from Harm: Using Malware Pollution to Analyze the Impact of Political and Geophysical Events on the Internet}},
  Author                   = {A.~Dainotti and R.~Amman and E.~Aben and KC~Claffy },
  Journal                  = CCR,
  Year                     = {2012},
  Number                   = {1},
  Volume                   = {42}
}

@Article{FutureTC:IEEENetwork,
  Title                    = {{Issues and Future Directions in Traffic Classification}},
  Author                   = {A.~Dainotti and A.~Pescape and K.~Claffy},
  Journal                  = IEEENET,
  Year                     = {2012}
}

@InProceedings{Dainotti:2011:Outages,
  Title                    = {{Analysis of Country-wide Internet Outages Caused by Censorship}},
  Author                   = {A.~Dainotti and C.~Squarcella and E.~Aben and KC~Claffy and M.~Chiesa and M.~Russo and A.~Pescape},
  Booktitle                = IMC,
  Year                     = {2011}
}

@Misc{DHS-critical-infrastructure,
  Title                    = {{Communications Sector-Specific Plan: An Annex to the National Infrastructure Protection Plan}},

  Author                   = {{Department of Homeland Security}},
  Year                     = {2010}
}

@Article{AS-ranking-ToN,
  Title                    = {{Twelve Years in the Evolution of the Internet Ecosystem}},
  Author                   = {A.~Dhamdhere and C.~Dovrolis},
  Journal                  = ToN,
  Year                     = {2011},
  Number                   = {5},
  Volume                   = {19}
}
@Misc{outage-nanog,
  Title                    = {{Analysis of outage posts in the NANOG and outages mailing lists}},

  Author                   = {X.~Dimitropoulos},
  HowPublished             = {TNC 2013 conference, \url{https://tnc2013.terena.org/core/presentation/146}},
  Year                     = {2013}
}

@InProceedings{Conviva-user-engagement,
  Title                    = {{Understanding the Impact of Video Quality on User Engagement}},
  Author                   = {F.~Dobrian and A.~Awan and D.~Joseph and A.~Ganjam and J.~Zhan and V.~Sekar and I.~Stoica and H.~Zhang},
  Booktitle                = SIGCOMM,
  Year                     = {2011}
}

@Article{BGP-Communities:CCR2008,
  Title                    = {{On BGP Communities}},
  Author                   = {B.~Donnet and O.~Bonaventure},
  Journal                  = CCR,
  Year                     = {2008},

  Month                    = mar,
  Number                   = {2},
  Pages                    = {55--59},
  Volume                   = {38}
}

@Article{robust-yet-fragile-Internet,
  Title                    = {{The "robust yet fragile" nature of the Internet}},
  Author                   = {J.~C.~Doyle and D.~L.~Alderson and L.~Li and S.~Low and M.~Roughan and S.~Shalunov and R.~Tanaka and W.~Willinger},
  Journal                  = PNAS,
  Year                     = {2005},
  Number                   = {41},
  Volume                   = {102}
}

@InProceedings{inside-dropbox:imc12,
  Title                    = {{Inside Dropbox: Understanding Personal Cloud Storage Services}},
  Author                   = {I.~Drago and M.~Mellia an M.~Munafo and A.~Sperotto and R.~Sadre and A.~Pras},
  Booktitle                = IMC,
  Year                     = {2012}
}

@InProceedings{dreger2006dynamic,
  Title                    = {{Dynamic Application-layer Protocol Analysis for Network Intrusion Detection}},
  Author                   = {H.~Dreger and A.~Feldmann and M.~Mai and V.~Paxson and R.~Sommer},
  Booktitle                = {USENIX Security Symposium},
  Year                     = {2006}
}

@InProceedings{Intertubes:SIGCOMM2015,
  Title                    = {{InterTubes: A Study of the US Long-haul Fiber-optic Infrastructure}},
  Author                   = {R.~Durairajan and P.~Barford and J.~Sommers and W.~Willinger},
  Booktitle                = SIGCOMM,
  Year                     = {2015}
}

@InProceedings{durairajan:2013,
  Title                    = {{Internet atlas: A Geographic Database of the Internet}},
  Author                   = {R.~Durairajan and S.~Ghosh and X.~Tang and P.~Barford and B.~Eriksson},
  Booktitle                = {Proc. of HotPlanet},
  Year                     = {2013}
}

@InProceedings{Layer-1-IMC2014,
  Title                    = {{Layer 1-Informed Internet Topology Measurement}},
  Author                   = {R.~Durairajan and J.~Sommers and P.~Barford},
  Booktitle                = IMC,
  Year                     = {2014}
}

@InProceedings{ZMap,
  Title                    = {{ZMap: Fast Internet-Wide Scanning and its Security Applications}},
  Author                   = {Z.~Durumeric and E.~Wustrow and J.~A.~Halderman},
  Booktitle                = {USENIX Security Symposium},
  Year                     = {2013}
}

@Misc{equinix,
  Title                    = {{Global Data Centers and Colocation Services}},

  Author                   = {Equinix},
  HowPublished             = {\url{http://www.equinix.com/locations/}}
}

@Misc{equinix_acqui,
  Title                    = {{Equinix Expands Data Center Leadership Position with Close of Telecity Acquisition}},

  Author                   = {Equinix},
  HowPublished             = {\url{http://www.equinix.com/newsroom/press-releases/pr/123436/equinix-expands-data-center-leader} \url{ship-position-with-close-of-telecity-} \url{acquisition/}}
}

@Misc{equinix_acqui_verizon,
  Title                    = {{Equinix to Acquire 24 Data Center Sites From Verizon}},

  Author                   = {Equinix},
  HowPublished             = {\url{http://www.equinix.com/equinix-acquires-verizon-data-centers/}}
}

@InProceedings{network-caching,
  Title                    = {{Network-aware Forward Caching}},
  Author                   = {J.~Erman and A.~Gerber and M.~Hajiaghayi and D.~Pei and O.~Spatscheck},
  Booktitle                = WWW,
  Year                     = {2009}
}

@Misc{enisa-critical-infrastructure,
  Title                    = {{Critical Infrastructures and Services, Internet Infrastructure: Internet Interconnections}},

  Author                   = {{European Union Agency for Network and Information Security}},
  HowPublished             = {{\url{http://enisa.europa.eu/activities/Resilience-and-CIIP/critical-infrastructure-and-services/inter-x/}}},
  Year                     = {2010}
}

@InProceedings{Fan:IMC2010,
  Title                    = {{Selecting Representative IP Addresses for Internet Topology Studies}},
  Author                   = {X.~Fan and J.~Heidemann},
  Booktitle                = IMC,
  Year                     = {2010}
}

@InProceedings{Africa-IXP-study:PAM2015,
  Title                    = {{On the Diversity of Interdomain Routing in Africa}},
  Author                   = {R.~Fanou and P.~Francois and E.~Aben},
  Booktitle                = PAM,
  Year                     = {2015}
}

@Article{Interconnection-Complexity,
  Title                    = {{The Growing Complexity of Internet Interconnection}},
  Author                   = {P.~Faratin and D.~D.~Clark and S.~Bauer and W.~Lehr and P.~Gilmore and A.~Berger},
  Journal                  = {{Communications and Strategies}},
  Year                     = {2008}
}

@InProceedings{foundamental-problems-interdomain-routing,
  Title                    = {{Some Foundational Problems in Interdomain Routing}},
  Author                   = {N.~Feamster and H.~Balakrishnan and J.~Rexford},
  Booktitle                = HotNets,
  Year                     = {2004}
}

@InProceedings{TMestimation:IMC04,
  Title                    = {{A methodology for estimating interdomain web traffic demand}},
  Author                   = {A.~Feldmann and N.~Kammenhuber and O.~Maennel and B.~Maggs and R.~De~Prisco and R.~Sundaram},
  Booktitle                = IMC,
  Year                     = {2004}
}

@InProceedings{Feldmann:2004,
  Title                    = {{Locating Internet routing instabilities}},
  Author                   = {A.~Feldmann and O.~Maennel and Z.~M.~Mao and A.~Berger and B.~Maggs},
  Booktitle                = SIGCOMM,
  Year                     = {2004}
}

@InProceedings{Cogent:IMC2013,
  Title                    = {{Growth Analysis of a Large ISP}},
  Author                   = {A.~Ferguson and J.~Place and R.~Fonseca},
  Booktitle                = IMC,
  Year                     = {2013}
}

@Misc{BIRD-performance-RIPE60,
  Title                    = {{BIRD's flight from Lisbon to Prague}},

  Author                   = {O.~Filip},
  HowPublished             = {RIPE 60}
}

@Article{finamore2011experiences,
  Title                    = {{Experiences of Internet traffic monitoring with Tstat}},
  Author                   = {A.~Finamore and M.~Mellia and M.~Meo and M.~Munafo and D.~Rossi},
  Journal                  = {Network, IEEE},
  Year                     = {2011},
  Number                   = {3},
  Pages                    = {8--14},
  Volume                   = {25}
}

@Article{5443713,
  Title                    = {{KISS: Stochastic Packet Inspection Classifier for UDP Traffic}},
  Author                   = {A.~Finamore and M.~Mellia and M.~Meo and D.~Rossi},
  Journal                  = IEEETON,
  Year                     = {2010}
}

@InProceedings{Stanford-NER,
  Title                    = {{Incorporating Non-local Information into Information Extraction Systems by Gibbs Sampling}},
  Author                   = {J.~R.~Finkel and T.~Grenager and C.~Manning},
  Booktitle                = {Annual Meeting on Association for Computational Linguistics},
  Year                     = {2005}
}

@InProceedings{Google-Reducing-Web-Latency:SIGCOMM2013,
  Title                    = {{Reducing Web Latency: the Virtue of Gentle Aggression}},
  Author                   = {T.~Flach and N.~Dukkipati and A.~Terzis and B.~Raghavan and N.~Cardwell and Y.~Cheng and A.~Jain and S.~Hao and E.~Katz-Bassett and R.~Govindan},
  Booktitle                = SIGCOMM,
  Year                     = {2013}
}

@Misc{pinpointing-outages,
  Title                    = {{Pinpointing Delay and Forwarding Anomalies Using Large-Scale Traceroute Measurements}},

  Author                   = {R.~Fontugne and E.~Aben and C.~Pelsser and R.~Bush},
  HowPublished             = {arXiv, \url{https://arxiv.org/abs/1605.04784}},
  Month                    = May,
  Year                     = {2016}
}

@Misc{MPTCP,
  Title                    = {{Architectural guidelines for multipath TCP development}},

  Author                   = {A.~Ford and C.~Raiciu and M.~Handley and S.~Barre and J.~Iyengar},
  HowPublished             = {Internet Draft, rfc-6182},

  Date                     = {2011}
}

@Article{FT01,
  Title                    = {Optimizing {OSPF/IS-IS} Weights in a Changing World},
  Author                   = {B.~Fortz and M.~Thorup},
  Journal                  = IEEEJSAC,
  Year                     = {2002},
  Number                   = {4},
  Pages                    = {756-767},
  Volume                   = {20}
}

@Article{microdatacenters,
  Title                    = {{Pushing CDN-ISP Collaboration to the Limit}},
  Author                   = {B.~Frank and I.~Poese and Y.~Lin and G.~Smaragdakis and A.~Feldmann and B.~Maggs and J.~Rake and S.~Uhlig and R.~Weber},
  Journal                  = CCR,
  Year                     = {2013},
  Number                   = {3},
  Volume                   = {43}
}

@InProceedings{CoralCDN,
  Title                    = {{Experiences with CoralCDN: A Five-Year Operational View}},
  Author                   = {M.~J.~Freedman},
  Booktitle                = NSDI,
  Year                     = {2010}
}

@InProceedings{Freedman:IMC2005,
  Title                    = {{Geographic Locality of IP Prefixes}},
  Author                   = {M.~J.~Freedman and M.~Vutukuru and N.~Feamster and H.~Balakrishnan},
  Booktitle                = IMC,
  Year                     = {2005}
}

@InProceedings{Detecting-malicious-activity-DNS-backscatter,
  Title                    = {{Detecting Malicious Activity with DNS Backscatter}},
  Author                   = {K.~Fukuda and J.~Heidemann},
  Booktitle                = IMC,
  Year                     = {2015}
}

@InProceedings{Empirical-DNS-2013,
  Title                    = {{An Empirical Reexamination of Global DNS Behavior}},
  Author                   = {H.~Gao and V.~Yegneswaran and Y.~Chen and P.~Porras and S.~Ghosh and J.~Jiang and H.~Duan},
  Booktitle                = SIGCOMM,
  Year                     = {2013}
}

@InProceedings{GlobalDNS:SIGCOMM2013,
  Title                    = {{An Empirical Reexamination of Global DNS Behavior}},
  Author                   = {H.~Gao and V.~Yegneswaran and Y.~Chen and P.~Porras and S.~Ghosh and J.~Jiang and H.~Duan},
  Booktitle                = SIGCOMM,
  Year                     = {2013}
}

@Article{StableInternetRouting,
  Title                    = {{Stable Internet Routing Without Global Coordination}},
  Author                   = {L.~Gao and J.~Rexford},
  Journal                  = IEEETON,
  Year                     = {2001},
  Number                   = {6},
  Pages                    = {681--692},
  Volume                   = {9}
}

@InProceedings{TrafficTypesGrowth:2011,
  Title                    = {{Traffic Types and Growth in Backbone Networks}},
  Author                   = {A.~Gerber and R.~Doverspike},
  Booktitle                = {OFC/NFOEC},
  Year                     = {2011}
}

@InProceedings{optical-failures-imc2016,
  Title                    = {{Optical Layer Failures in a Large Backbone}},
  Author                   = {M.~Ghobadi and R.~Mahajan},
  Booktitle                = IMC,
  Year                     = {2016}
}

@InProceedings{flattening,
  Title                    = {{The Flattening Internet Topology: Natural Evolution, Unsightly Barnacles or Contrived Collapse?}},
  Author                   = {P.~Gill and M.~Arlitt and Z.~Li and A.~Mahanti},
  Booktitle                = PAM,
  Year                     = {2008}
}

@InProceedings{Follow-the-money:IMC2013,
  Title                    = {{Follow the Money: Understanding Economics of Online Aggregation and Advertising}},
  Author                   = {P.~Gill and V.~Erramilli and A.~Chaintreau and B.~Krishnamurthy and K.~Papagiannaki and P.~Rodriguez},
  Booktitle                = IMC,
  Year                     = {2013}
}

@InProceedings{Periscope:PAM2016,
  Title                    = {{Periscope: Unifying Looking Glass Querying}},
  Author                   = {V.~Giotsas and A.~Dhamdhere and k.~claffy},
  Booktitle                = PAM,
  Year                     = {2016}
}

@InProceedings{peering-outage-SIGCOMM2017,
  Title                    = {{Detecting Peering Infrastructure Outages in the Wild}},
  Author                   = {V.~Giotsas and C.~Dietzel and G.~Smaragdakis and A.~Feldmann and A.~Berger and E.~Aben},
  Booktitle                = SIGCOMM,
  Year                     = {2017}
}

@InProceedings{giotsas2015ipv6,
  Title                    = {{IPv6 AS Relationships, Cliques, and Congruence}},
  Author                   = {V.~Giotsas and M.~Luckie and B.~Huffaker and K.~Claffy},
  Booktitle                = PAM,
  Year                     = {2015}
}

@InProceedings{Inferring-Complex-AS-Relationships:IMC2014,
  Title                    = {{Inferring Complex AS Relationships}},
  Author                   = {V.~Giotsas and M.~Luckie and B.~Huffaker and k.~claffy},
  Booktitle                = IMC,
  Year                     = {2014}
}

@InProceedings{CoNEXT2015-P2F,
  Title                    = {{Mapping Peering Interconnections at the Facility Level}},
  Author                   = {V.~Giotsas and G.~Smaragdakis and B.~Huffaker and M.~Luckie and k.~claffy},
  Booktitle                = CONEXT,
  Year                     = {2015}
}

@InProceedings{IXP-communities-BGP-passive:Globecom2013,
  Title                    = {{Improving the Discovery of IXP Peering Links through Passive BGP Measurements}},
  Author                   = {V.~Giotsas and S.~Zhou},
  Booktitle                = GINET,
  Year                     = {2013}
}

@InProceedings{Inferring-Multilateral-Peering:CONEXT2013,
  Title                    = {{Inferring Multilateral Peering}},
  Author                   = {V.~Giotsas and S.~Zhou and M.~Luckie and kc~claffy},
  Booktitle                = CONEXT,
  Year                     = {2013}
}

@Article{CACM-SecureInternet,
  Title                    = {{Why is It Taking So Long to Secure Internet Routing?}},
  Author                   = {S.~Goldberg},
  Journal                  = CACM,
  Year                     = {2014},
  Number                   = {10},
  Volume                   = {57}
}

@Article{Route-Servers:ComNet1998,
  Title                    = {{Route Servers for Inter-domain Routing}},
  Author                   = {R.~Govindan and C.~Alaettinoglou and K.~Varadhan and D.~Estrin},
  Journal                  = ComNet,
  Year                     = {1998},
  Volume                   = {30}
}

@InProceedings{VL2:SIGCOMM2009,
  Title                    = {{VL2: A Scalable and Flexible Data Center Network}},
  Author                   = {A.~Greenberg and J.~R.~Hamilton and N.~Jain and S.~Kandula and C.~Kim and P.~Lahiri and D.~A.~Maltz and P.~Patel and S.~Sengupta},
  Booktitle                = SIGCOMM,
  Year                     = {2009}
}

@Article{constraint-geolocation-ToN-2006,
  Title                    = {{Constraint-Based Geolocation of Internet Hosts}},
  Author                   = {B.~Gueye and A.~Ziviani and M.~Crovella and S.~Fdida},
  Journal                  = IEEETON,
  Year                     = {2006},
  Number                   = {6},
  Volume                   = {14}
}

@InProceedings{iSDX:NSDI2016,
  Title                    = {{An Industrial-Scale Software Defined Internet Exchange Point}},
  Author                   = {A.~Gupta and R.~MacDavid and R.~Birkner and M.~Canini and N.~Feamster and J.~Rexford and L.~Vanbever},
  Booktitle                = NSDI,
  Year                     = {2016}
}

@InProceedings{SDX:SIGCOMM2014,
  Title                    = {{SDX: A Software Defined Internet Exchange}},
  Author                   = {A.~Gupta and L.~Vanbever and M.~Shahbaz and S.~P.~Donovan and B.~Schlinker and N.~Feamster and J.~Rexford and S.~Shenker and R.~Clark and E.~Katz-Bassett},
  Booktitle                = SIGCOMM,
  Year                     = {2014}
}

@Misc{IETF-RFC1863,
  Title                    = {{A BGP/IDRP Route Server alternative to a full mesh routing}},
  Author                   = {D.~Haskin},
  HowPublished             = {{IETF RFC 1863}},
  Year                     = {1995}
}

@InProceedings{lord-of-links-NSDI2007,
  Title                    = {{A systematic framework for unearthing the missing links: Measurements and Impact}},
  Author                   = {Y.~He and G.~Siganos and M.~Faloutsos and S.~V.~Krishnamurthy},
  Booktitle                = NSDI,
  Year                     = {2007}
}

@TechReport{Heidemann:2012:Sandy,
  Title                    = {{A Preliminary Analysis of Network Outages During Hurricane Sandy}},
  Author                   = {J.~Heidemann and L.~Quan and Y.~Pradkin},
  Institution              = {USC/Information Sciences Institute},
  Year                     = {2012},
  Month                    = nov,
  Number                   = {ISI-TR-2008-685b}
}

@InProceedings{BGP-RPKI,
  Title                    = {{From the Consent of the Routed: Improving the Transparency of the RPKI}},
  Author                   = {E.~Heilman and D.~Cooper and L.~Reyzin and S.~Goldberg},
  Booktitle                = SIGCOMM,
  Year                     = {2014}
}

@Misc{large-communities-idr,
  Title                    = {{BGP Large Communities}},

  Author                   = {Heitz, J and Snijders, J and Patel, K and Bagdonas, I and Hilliard, N},
  HowPublished             = {{IETF Internet Draft}},
  Month                    = {November},
  Year                     = {2016}
}

@Misc{rfc7948,
  Title                    = {{Internet Exchange BGP Route Server Operations}},
  Author                   = {N.~Hilliard and E.~Jasinska and R.~Raszuk and N.~Bakker},
  HowPublished             = {{IETF RFC 7948}},
  Month                    = {September},
  Year                     = {2016}
}

@Misc{IETF-RS-Deployment,
  Title                    = {{Internet Exchange Route Server Operations}},

  Author                   = {N.~Hilliard and E.~Jasinska and R.~Raszuk and N.~Bakker},
  HowPublished             = {{IETF draft, draft-ietf-grow-ix-bgp-route-srver-operations-01}},
  Year                     = {2013}
}

@Misc{RBush-RTT,
  Title                    = {{On the suitability of two large-scale Internet measurement platforms}},

  Author                   = {T.~Holterbach and C.~Pelsser and R.~Bush},
  HowPublished             = {BTNOG 2014}
}

@InProceedings{extendtcp:IMC2011,
  Title                    = {{Is it Still Possible to Extend TCP?}},
  Author                   = {M.~Honda and Y.~Nishida and C.~Raiciu and A.~Greenhalgh and M.~Handley and H.~Tokuda},
  Booktitle                = IMC,
  Year                     = {2011}
}

@InProceedings{Measuring-and-Evaluating:IMC2008,
  Title                    = {{Measuring and Evaluating Large-Scale CDNs}},
  Author                   = {C.~Huang and A.~Wang and J.~Li and K.~Ross},
  Booktitle                = IMC,
  Year                     = {2008}
}

@InProceedings{LTE:sigcomm2013,
  Title                    = {{An In-depth Study of LTE: Effect of Network Protocol and Application Behavior on Performance}},
  Author                   = {J.~Huang and F.~Qian and Y.~Guo and Y.~Zhou and Q.~Xu and Z.~M.~Mao and S.~Sen and O.~Spatscheck},
  Booktitle                = SIGCOMM,
  Year                     = {2013}
}

@InProceedings{Huang:2007,
  Title                    = {{Diagnosing Network Disruptions with Network-wide Analysis}},
  Author                   = {Y.~Huang and N.~Feamster and A.~Lakhina and J.~J.~Xu},
  Booktitle                = SIGMETRICS,
  Year                     = {2007}
}

@TechReport{geocompare2011,
  Title                    = {{Geocompare: A Comparison of Public and Commercial Geolocation Databases}},
  Author                   = {B.~Huffaker and M.~Fomenkov and k.~claffy},
  Institution              = {CAIDA},
  Year                     = {2011},
  Month                    = May,
  Note                     = {\url{http://www.caida.org/publications/papers/2011/geocompare-tr/}}
}

@Article{huffaker2014drop,
  Title                    = {{DRoP: DNS-based router positioning}},
  Author                   = {B.~Huffaker and M.~Fomenkov and kc claffy},
  Journal                  = CCR,
  Year                     = {2014},
  Number                   = {3},
  Pages                    = {5--13},
  Volume                   = {44}
}

@Misc{LINX-RS-performance,
  Title                    = {{Route Servers at IXPs -- Bugs and Scaling issues with Quagga}},

  Author                   = {M.~Hughes},
  HowPublished             = {{UKNOF 13}}
}

@Article{Hurley:2011:HPF:1961659.1961661,
  Title                    = {Host-Based P2P Flow Identification and Use in Real-Time},
  Author                   = {Hurley, John and Garcia-Palacios, Emi and Sezer, Sakir},
  Journal                  = {ACM Trans. Web},
  Year                     = {2011},

  Month                    = may,
  Number                   = {2},
  Pages                    = {7:1--7:27},
  Volume                   = {5},

  Acmid                    = {1961661},
  Address                  = {New York, NY, USA},
  Articleno                = {7},
  Doi                      = {10.1145/1961659.1961661},
  ISSN                     = {1559-1131},
  Issue_date               = {May 2011},
  Keywords                 = {P2P, classification, host based},
  Numpages                 = {27},
  Publisher                = {ACM},
  Url                      = {http://doi.acm.org/10.1145/1961659.1961661}
}

@InProceedings{TowardsUnderstandingTraffic:IMC2011,
  Title                    = {{Towards Understanding Modern Web Traffic}},
  Author                   = {S.~Ihm and V.~S.~Pai},
  Booktitle                = IMC,
  Year                     = {2011}
}

@InProceedings{DTG:CONEXT2009,
  Title                    = {{Exploiting Dynamicity in Graph-based Traffic Analysis}},
  Author                   = {M.~Iliofotou and M.~Faloutsos and M.~Mitzenmacher},
  Booktitle                = CONEXT,
  Year                     = {2009}
}

@InProceedings{Iliofotou:CONEXT2010,
  Title                    = {{Profiling-By-Association: A Resilient Traffic Profiling Solution for the Internet Backbone}},
  Author                   = {M.~Iliofotou and B.~Gallagher and T.~Eliassi-Rad and G.~Xie and M.~Faloutsos},
  Booktitle                = CONEXT,
  Year                     = {2010}
}

@InProceedings{Iliofotou:IMC2007,
  Title                    = {{Network Monitoring Using Traffic Dispersion Graphs (TDGs)}},
  Author                   = {M.~Iliofotou and P.~Pappu and M.~Faloutsos and M.~Mitzenmacher and S.~Singh and G.~Varghese},
  Booktitle                = IMC,
  Year                     = {2007}
}

@Misc{Init7-communities,
  Title                    = {{BGP Communities For Init7 customers}},

  Author                   = {{Init7 NOC}},
  HowPublished             = {\url{http://as13030.net/static/pdf/as13030_bgp_communities.pdf}},
  Month                    = {January},
  Year                     = {2016}
}

@Misc{interxion,
  Title                    = {{Locations}},

  Author                   = {Interxion},
  HowPublished             = {\url{http://www.interxion.com/locations/}}
}

@InProceedings{ccn,
  Title                    = {{Networking Named Content}},
  Author                   = {V.~Jacobson and D.~Smetters and J.~Thornton and M.~Plass and N.~Briggs and R.~Braynard},
  Booktitle                = CoNEXT,
  Year                     = {2009}
}

@InProceedings{B4,
  Title                    = {{B4: Experience with a Globally-Deployed Software Defined WAN}},
  Author                   = {S.~Jain and A.~Kumar and S.~Mandal and J.~Ong and L.~Poutievski and A.~Singh and S.~Venkata and J.~Wanderer and J.~Zhou and M.~Zhu and J.~Zolla and U.~Holzle and S.~Stuart and A.~Vahdat},
  Booktitle                = SIGCOMM,
  Year                     = {2013}
}

@Misc{rfc7947,
  Title                    = {{Internet Exchange BGP Route Server}},
  Author                   = {E.~Jasinska and N.~Hilliard and R.~Raszuk and N.~Bakker},
  HowPublished             = {{IETF RFC 7947}},
  Month                    = {September},
  Year                     = {2016}
}

@Misc{IETF-RS-2013,
  Title                    = {{Internet Exchange Route Server}},

  Author                   = {E.~Jasinska and N.~Hilliard and R.~Raszuk and N.~Bakker},
  HowPublished             = {{IETF draft, draft-ietf-idr-ix-bgp-route-server-03}},
  Year                     = {2013}
}

@Misc{Abusing-RS,
  Title                    = {{(Ab)Using Route Servers}},

  Author                   = {E.~Jasinska and C.~Malayter},
  HowPublished             = {NANOG 48}
}

@InProceedings{PoiRoot,
  Title                    = {{PoiRoot: Investigating the Root Cause of Interdomain Path Changes}},
  Author                   = {U.~Javed and I.~Cunha and D.~R.~Choffnes and E.~Katz-Bassett and T.~Anderson and A.~Krishnamurthy},
  Booktitle                = SIGCOMM,
  Year                     = {2013}
}

@Article{Jiang-network-prefix:ComNet2011,
  Title                    = {{Network Prefix-Level Traffic Profiling: Characterizing, Modeling, and Evaluation}},
  Author                   = {H.~Jiang and Z.~Ge and S.~Jin and J.~Wang},
  Journal                  = ComNet,
  Year                     = {2008}
}

@Article{jin2011can,
  Title                    = {{Can’t See Forest through the Trees? Understanding Mixed Network Traffic Graphs from Application Class Distribution}},
  Author                   = {Y.~Jin and N.~Duffield and P.~Haffner and S.~Sen and Z.-L.~Zhang},
  Year                     = {2011},

  Booktitle                = {Proc. of MLG}
}

@Misc{Juniper-net-downtimes,
  Title                    = {{What's Behind Network Downtimes? -- Proactive Steps to Reduce Human Error and Improve Availability of Networks}},

  Author                   = {Juniper},
  HowPublished             = {{White Paper}},

  Date                     = {2008}
}

@InProceedings{karagiannis2004p2p,
  Title                    = {Is P2P dying or just hiding? [P2P traffic measurement]},
  Author                   = {Karagiannis, T. and Broido, A. and Brownlee, N. and Claffy, K. and Faloutsos, Michalis},
  Booktitle                = {Global Telecommunications Conference, 2004. GLOBECOM '04. IEEE},
  Year                     = {2004},
  Pages                    = {1532-1538 Vol.3},
  Volume                   = {3}
}

@InProceedings{BLINC:SIGCOMM2005,
  Title                    = {{BLINC: Multilevel Traffic Classification in the Dark}},
  Author                   = {T.~Karagiannis and K.~Papagiannaki and M.~Faloutsos},
  Booktitle                = SIGCOMM,
  Year                     = {2005}
}

@InProceedings{katz:2006,
  Title                    = {{Towards IP geolocation using delay and topology measurements}},
  Author                   = {E.~Katz-Bassett and J.~P.~John and A.~Krishnamurthy and D.~Wetherall and T.~Anderson and Y.~Chawathe},
  Booktitle                = IMC,
  Year                     = {2006}
}

@InProceedings{reverse-traceroute-nsdi2010,
  Title                    = {{Reverse Traceroute}},
  Author                   = {E.~Katz-Bassett and H.~Madhyastha and V.~Adhikari and C.~Scott and J.~Sherry and P.~van~Wesep and A.~Krishnamurthy and T.~Anderson},
  Booktitle                = NSDI,
  Year                     = {2010}
}

@InProceedings{Hubble,
  Title                    = {{Studying Black Holes in the Internet with Hubble}},
  Author                   = {E.~Katz-Bassett and H.~V.~Madhyastha and J.~P.~John and A.~Krishnamurthy and D.~Wetherall and T.~Anderson},
  Booktitle                = NSDI,
  Year                     = {2008}
}

@InProceedings{lifeguard,
  Title                    = {{LIFEGUARD: Practical Repair of Persistent Route Failures}},
  Author                   = {E.~Katz-Bassett and C.~Scott and D.~R.~Choffnes and I.~Cunha and V.~Valancius and N.~Feamster and H.~V.~Madhyastha and T.~Anderson and A.~Krishnamurthy},
  Booktitle                = SIGCOMM,
  Year                     = {2012}
}

@Misc{traceroute-org,
  Title                    = {{traceroute.org}},

  Author                   = {T.~Kernen},
  HowPublished             = {\url{http://www.traceroute.org}}
}

@Article{keys13midar,
  Title                    = {{Internet-Scale IPv4 Alias Resolution with MIDAR}},
  Author                   = {K.~Keys and Y.~Hyun and M.~Luckie and k~claffy},
  Journal                  = IEEETON,
  Year                     = {2013},
  Number                   = {2},
  Volume                   = {21}
}

@InProceedings{AS-level-Topology-Collection-through-LG:IMC2013,
  Title                    = {{AS-level Topology Collection through Looking Glass Servers}},
  Author                   = {A.~Khan and T.~Kwon and H.~C.~Kim and Y.~Choi},
  Booktitle                = IMC,
  Year                     = {2013}
}

@InProceedings{Differential-Treatment-NDSS2016,
  Title                    = {{Do You See What I See? Differential Treatment of Anonymous Users}},
  Author                   = {S.~Khattak and D.~Fifield and S.~Afroz and M.~Javed and S.~Sundaresan and V.~Paxson and S.~J.~Murdoch and D.~McCoy},
  Booktitle                = {NDSS},
  Year                     = {2016}
}

@InProceedings{Kim:CONEXT2008:ITC,
  Title                    = {{Internet Traffic Classification Demystified: Myths, Caveats, and the Best Practices}},
  Author                   = {H.~Kim and K.~Claffy and M.~Fomenkov and D.~Barman and M.~Faloutsos and K-Y.~Lee},
  Booktitle                = CONEXT,
  Year                     = {2008}
}

@Misc{IETF-RFC7999,
  Title                    = {{BLACKHOLE Community}},
  Author                   = {T.~King and C.~Dietzel and J.~Snijders and G.~Doering and G.~Hankins},
  HowPublished             = {{IETF RFC 7999}},
  Year                     = {2016}
}

@InProceedings{kleinberg-crawling,
  Title                    = {{Authoritative sources in a hyperlinked environment}},
  Author                   = {J.~Kleinberg},
  Booktitle                = SODA,
  Year                     = {1998}
}

@Article{CCR-IXP-Datasets,
  Title                    = {{A Comparative Look into Public IXP Datasets}},
  Author                   = {R.~Kloti and B.~Ager and V.~Kotronis and G.~Nomikos and X.~Dimitropoulos},
  Journal                  = CCR,
  Year                     = {2016},
  Number                   = {1},
  Volume                   = {46}
}

@Article{Topology-Zoo,
  Title                    = {{The Internet Topology Zoo}},
  Author                   = {S.~Knight and H.~X.~Nguyen and N.~Falkner and R.~Bowden and M.~Roughan},
  Journal                  = IEEEJSAC,
  Year                     = {2011},
  Number                   = {9},
  Volume                   = {29}
}

@InProceedings{RTT-and-Revenue,
  Title                    = {{Practical Guide to Controlled Experiments on the Web: Listen to Your Customers not to the HiPPO}},
  Author                   = {R.~Kohavi and R.~M.~Henne and D.~Sommerfield},
  Booktitle                = {ACM KDD},
  Year                     = {2007}
}

@InProceedings{ASwatch,
  Title                    = {{ASwatch: An AS Reputation System to Expose Bulletproof Hosting ASes}},
  Author                   = {M.~Konte and R.~Perdisci and N.~Feamster},
  Booktitle                = SIGCOMM,
  Year                     = {2015}
}

@InProceedings{Stitching-paths-IXPs:SOSR2016,
  Title                    = {{Stitching Inter-Domain Paths over IXPs}},
  Author                   = {V.~Kotronis and R.~Kloti and M.~Rost and P.~Georgopoulos and B.~Ager and S.~Schmidt and X.~Dimitropoulos},
  Booktitle                = {SOSR},
  Year                     = {2016}
}

@InProceedings{Network-Aware-Clustering:SIGCOMM2000,
  Title                    = {{On Network-Aware Clustering of Web Clients}},
  Author                   = {B.~Krishnamurthy and J.~Wang},
  Booktitle                = SIGCOMM,
  Year                     = {2001}
}

@InProceedings{MovingBeyondE2E2009,
  Title                    = {{Moving Beyond End-to-end Path Information to Optimize CDN Performance}},
  Author                   = {Krishnan, R. and Madhyastha, H. and Srinivasan, S. and Jain, S. and Krishnamurthy, A. and Anderson, T. and Gao, J.},
  Booktitle                = IMC,
  Year                     = {2009}
}

@InProceedings{Akamai-Video-Stream-Quality-effect:IMC2012,
  Title                    = {{Video Stream Quality Impacts Viewer Behavior: Inferring Causality using Quasi-Experimental Designs}},
  Author                   = {S.~S.~Krishnan and R.~K.~Sitaraman},
  Booktitle                = IMC,
  Year                     = {2012}
}

@InProceedings{Attack-Internet-scale:IMC2005,
  Title                    = {{Exploiting Underlying Structure for Detailed Reconstruction of an Internet Scale Event}},
  Author                   = {A.~Kumar and V.~Paxson and N.~Weaver},
  Booktitle                = IMC,
  Year                     = {2005}
}

@InProceedings{delayed-convergence,
  Title                    = {{Delayed Internet Routing Convergence}},
  Author                   = {C.~Labovitz and A.~Ahuja and A.~Bose and F.~Jahanian},
  Booktitle                = SIGCOMM,
  Year                     = {2000}
}

@InProceedings{Arbor:SIGCOMM2010,
  Title                    = {{Internet Inter-Domain Traffic}},
  Author                   = {C.~Labovitz and S.~Lekel-Johnson and D.~McPherson and J.~Oberheide and F.~Jahanian},
  Booktitle                = SIGCOMM,
  Year                     = {2010}
}

@InProceedings{Labovitz:1999,
  Title                    = {{Origins of Internet routing instability}},
  Author                   = {C.~Labovitz and G.~R.~Malan and F.~Jahanian},
  Booktitle                = INFOCOM,
  Year                     = {1999}
}

@InProceedings{Labovitz:1997,
  Title                    = {{Internet routing instability}},
  Author                   = {C.~Labovitz and G.~R.~Malan and F.~Jahanian},
  Booktitle                = SIGCOMM,
  Year                     = {1997}
}

@Misc{AMSIX-RS-performance-stress-tests,
  Title                    = {{Route Server Implementations Performance}},

  Author                   = {A.~Labrinidis and E.~Nguyenduy},
  HowPublished             = {20th Euro-IX Forum, April 2012}
}

@InCollection{Slammer-Worm:2003,
  Title                    = {{Analysis of BGP update surge during slammer worm attack}},
  Author                   = {M.~Lad and X.~Zhao and B.~Zhang and D.~Massey and L.~Zhang},
  Booktitle                = {Distributed Computing-IWDC 2003},
  Publisher                = {Springer},
  Year                     = {2003},
  Pages                    = {66--79}
}

@InProceedings{Lee:2012:UGU:2238896.2238898,
  Title                    = {{Unmasking the Growing UDP Traffic in a Campus Network}},
  Author                   = {C.~Lee and D.~K.~Lee and S.~Moon},
  Booktitle                = PAM,
  Year                     = {2012}
}

@Misc{peerme,
  Title                    = {{Peer Match-making}},

  Author                   = {C.~Lees and J.~Paussa and A.~Fenioux},
  HowPublished             = {RIPE NCC IXP tools hackathon. \url{https://emedvedev.github.io/peer-matchmaking-web/}},
  Month                    = {October},
  Year                     = {2016}
}

@Article{ImprovingPerformanceInternet2009,
  Title                    = {{Improving Performance on the Internet}},
  Author                   = {T.~Leighton},
  Journal                  = CACM,
  Year                     = {2009},
  Number                   = {2},
  Pages                    = {44--51},
  Volume                   = {52}
}

@Article{levy2015threat,
  Title                    = {{Threat Landscape and Good Practice Guide for Internet Infrastructure}},
  Author                   = {Levy-Bencheton, C. and Marinos, L. and Mattioli, R. and King, T. and Dietzel, C. and Stumpf, J.},
  Journal                  = {{Report, European Union Agency for Network and Information Security (ENISA)}},
  Year                     = {2015}
}

@Article{Li:2005:Forensics,
  Title                    = {{An Internet Routing Forensics Framework for Discovering Rules of Abnormal BGP Events}},
  Author                   = {J.~Li and D.~Dou and Z.~Wu and S.~Kim and V.~Agarwal},
  Journal                  = CCR,
  Year                     = {2005},
  Number                   = {5},
  Volume                   = {35}
}

@Article{BGP-Routing-Dynamics-Revisited:CCR,
  Title                    = {{BGP Routing Dynamics Revisited}},
  Author                   = {J.~Li and M.~Guidero and Z.~Wu and E.~Purpus and T.~Ehrenkranz},
  Journal                  = CCR,
  Year                     = {2007},
  Number                   = {2},
  Volume                   = {37}
}

@InProceedings{HTTP-meets-CDNs,
  Title                    = {{When HTTPS Meets CDN: A Case of Authentication in Delegated Service}},
  Author                   = {J.~Liang and J.~Jiang and H.~Duan and K.~Li and T.~Wan and J.~Wu},
  Booktitle                = {IEEE Symp. on Security and Privacy},
  Year                     = {2014}
}

@Article{network-externality,
  Title                    = {{Network Externality: An Uncommon Tragedy}},
  Author                   = {S.~J.~Liebowitz and S.~E.~Margolis},
  Journal                  = {J. Econ. Perspectives},
  Year                     = {1994},
  Number                   = {2},
  Volume                   = {8}
}

@Article{CCR-peeringdb,
  Title                    = {{Using PeeringDB to Understand the Peering Ecosystem}},
  Author                   = {A.~Lodhi and N.~Larson and A.~Dhamdhere and C.~Dovrolis and K.~Claffy},
  Journal                  = CCR,
  Year                     = {2014},
  Number                   = {2},
  Volume                   = {44}
}

@InProceedings{luckie:2014,
  Title                    = {{Challenges in Inferring Internet Interdomain Congestion}},
  Author                   = {M.~Luckie and A.~Dhamdhere and D.~Clark and B.~Huffaker and kc~claffy},
  Booktitle                = IMC,
  Year                     = {2014}
}

@InProceedings{CAIDA_Customer_cones_validation,
  Title                    = {{AS Relationships, Customers Cones, and Validations}},
  Author                   = {M.~Luckie and B.~Huffaker and A. Dhamdhere and V.~Giotsas and kc~claffy},
  Booktitle                = IMC,
  Year                     = {2013}
}

@InProceedings{luckie:pam14,
  Title                    = {{A Second Look at Detecting Third-party Addresses in Traceroute Traces with the IP Timestamp Option}},
  Author                   = {M.~Luckie and kc~claffy},
  Booktitle                = PAM,
  Year                     = {2014}
}

@InProceedings{iplane,
  Title                    = {{iPlane: An information plane for distributed systems}},
  Author                   = {H.~V.~Madhyastha and T.~Isdal and M.~Piatek and C.~Dixon and T.~Anderson and A.~Kirshnamurthy and A.~Venkataramani},
  Booktitle                = OSDI,
  Year                     = {2006}
}

@Article{Akamai-Algorithmic-Nuggets,
  Title                    = {{Algorithmic Nuggets in Content Delivery}},
  Author                   = {B.~M.~Maggs and R.~K.~Sitaraman},
  Journal                  = CCR,
  Year                     = {2015},
  Number                   = {3},
  Volume                   = {45}
}

@InProceedings{Mahajan:2003:Tulip,
  Title                    = {{User-level Internet Path Diagnosis}},
  Author                   = {R.~Mahajan and N.~Spring and D.~Wetherall and T.~Anderson},
  Booktitle                = SOSP,
  Year                     = {2003}
}

@InProceedings{Maier:IMC2009,
  Title                    = {{On Dominant Characteristics of Residential Broadband Internet Traffic}},
  Author                   = {G.~Maier and A.~Feldmann and V.~Paxson and M.~Allman},
  Booktitle                = IMC,
  Year                     = {2009}
}

@Misc{NANOG51-Equinix-RS,
  Title                    = {{Route Servers, Mergers, Features, \& More}},

  Author                   = {C.~Malayter},
  HowPublished             = {{NANOG 51}}
}

@InProceedings{mao2003beacon,
  Title                    = {{BGP Beacons}},
  Author                   = {Z.M.~Mao and R.~Bush and T.G.~Griffin and M.~Roughan},
  Booktitle                = IMC,
  Year                     = {2003}
}

@InProceedings{Sybil:NSDI2016,
  Title                    = {{Sibyl: A Practical Internet Route Oracle}},
  Author                   = {P.~Marchetta and Y.-C.~Chiu and M.~Calder and I.~Cunha and H.~Madhyastha and A.~Pescape and V.~Giotsas and B.~Schlinker and E.~Katz-Bassett and B.~V.~A.~Machado},
  Booktitle                = NSDI,
  Year                     = {2016}
}

@InProceedings{claffy_ixp_2000,
  Title                    = {{Trends in Wide Area IP Traffic Patterns - A View from AMES Internet Exchange}},
  Author                   = {S.~McCreary and K.~Claffy},
  Booktitle                = {{ITC Specialist Seminar}},
  Year                     = {2000}
}

@Article{meng2005ipv4,
  Title                    = {{IPv4 Address Allocation and the BGP Routing Table Evolution}},
  Author                   = {X.~Meng and Z.~Xu and B.~Zhang and G.~Huston and S.~Lu and L.~Zhang},
  Journal                  = CCR,
  Year                     = {2005},
  Number                   = {1},
  Pages                    = {71--80},
  Volume                   = {35},

  Publisher                = {ACM}
}

@Misc{rfc4384,
  Title                    = {{{BGP Communities for Data Collection}}},

  Author                   = {D. Meyers},
  Year                     = {2006},

  No_month                 = {#Feb#},
  Number                   = {4384},
  Type                     = {RFC}
}

@TechReport{X-connects,
  Title                    = {{On the Geography of X-Connects}},
  Author                   = {R.~Motamedi and B.~Chandrasekaran and B.~Maggs and R.~Rejaie and W.~Willinger},
  Institution              = {University of Oregon},
  Year                     = {2014},
  Number                   = {CIS-TR-2014-02}
}

@Article{Internet-Topology-Discover-Survey2014,
  Title                    = {{A Survey of Techniques for Internet Topology Discovery}},
  Author                   = {R.~Motamedi and R.~Rejaie and W.~Willinger},
  Journal                  = {{IEEE Communications Surveys and Tutorials}},
  Year                     = {2014}
}

@InProceedings{AStopology-sigcomm2006,
  Title                    = {{Building an AS-Topology Model that Captures Route Diversity}},
  Author                   = {W.~Muhlbauer and A.~Feldmann O.~Maennel and M.~Roughan and S.~Uhlig},
  Booktitle                = SIGCOMM,
  Year                     = {2006}
}

@Book{NAP-network-911,
  Title                    = {{The Internet Under Crisis Conditions: Learning from September 11}},
  Author                   = {{C.~Partridge, P.~Barford, D.~D.~Clark, S.~Donelan, V.~Paxson, J.~Rexford, and M.~K.~Vernon}},
  Publisher                = {{The National Academy Press}},
  Year                     = {2003}
}

@Article{ML-TC-IEEESurvey,
  Title                    = {{A Survey of Techniques for Internet Traffic Classification using Machine Learning}},
  Author                   = {T.~T.~T.~Nguyen and G.~Armitage},
  Journal                  = IEEEST,
  Year                     = {2008}
}

@InProceedings{traIXroute:PAM2016,
  Title                    = {{traIXroute: Detecting IXPs in traceroute paths}},
  Author                   = {G.~Nomikos and X.~Dimitropoulos},
  Booktitle                = PAM,
  Year                     = {2016}
}

@Article{CCR-bewareBGPattacks,
  Title                    = {{Beware of BGP attacks}},
  Author                   = {O.~Nordstrom and C.~Dovrolis},
  Journal                  = CCR,
  Year                     = {2004},
  Number                   = {2},
  Volume                   = {34}
}

@Misc{drpeering-asia,
  Title                    = {The Asia Pacific Internet Peering Guidebook},

  Author                   = {W.~B.~Norton},
  HowPublished             = {\url{http://drpeering.net/white-papers/Ecosystems/Asia-Pacific-Peering-Guidebook.html}}
}

@Misc{drpeering-public-vs-private,
  Title                    = {{Public vs Private Peering : The Great Debate}},

  Author                   = {W.~B.~Norton},
  HowPublished             = {\url{http://http://drpeering.net/white-papers/Public-vs-Private-Peering-The-Great-Debate.html}}
}

@Misc{drpeering-us-eu,
  Title                    = {European vs. U.S. Internet Exchange Points},

  Author                   = {W.~B.~Norton},
  HowPublished             = {\url{http://drpeering.net/white-papers/European-Vs-US-Internet-Exchange-Point-Model.html}}
}

@Misc{Norton:Art-of-Peering,
  Title                    = {{The Art of Peering: The Peering Playbook}},

  Author                   = {W.~B.~Norton},
  Year                     = {2010}
}

@Article{Akamai-Network,
  Title                    = {{The Akamai Network: A Platform for High-performance Internet Applications}},
  Author                   = {E.~Nygren and R.~K.~Sitaraman and J.~Sun},
  Journal                  = {SIGOPS Oper. Syst. Rev.},
  Year                     = {2010},
  Number                   = {3},
  Volume                   = {44}
}

@Misc{ThousandEyes-oneway-outage-detection,
  Title                    = {{Decoding Performance Data from Large Scale Internet Outages}},

  Author                   = {R.~Oliveira},
  HowPublished             = {RIPE 73}
}

@InProceedings{bgpstream,
  Title                    = {{BGPStream: a software framework for live and historical BGP data analysis}},
  Author                   = {C.~Orsini and A.~King and D.~Giordano and V.~Giotsas and A.~Dainotti},
  Booktitle                = IMC,
  Year                     = {2016}
}

@Misc{PCH-Raw-Routing-Data,
  Title                    = {{Resources: Raw Routing Data}},

  Author                   = {{Packet Clearing House}},
  HowPublished             = {\url{https://www.pch.net/resources/Raw_Routing_Data/}}
}

@InProceedings{Duplicate-updates-BGP-announcements,
  Title                    = {{Investigating Occurrence of Duplicate Updates in BGP Announcements}},
  Author                   = {J.~H.~Park and D.~Jen and M.~Lad and S.~Amante and D.~McPherson and L.~Zhang},
  Booktitle                = PAM,
  Year                     = {2010}
}

@InProceedings{Paxson:bro1998,
  Title                    = {Bro: a system for detecting network intruders in real-time},
  Author                   = {V.~Paxson},
  Booktitle                = {USENIX Security Symposium},
  Year                     = {1998}
}

@Article{paxson1997end,
  Title                    = {{End-to-End Routing Behavior in the Internet}},
  Author                   = {V.~Paxson},
  Journal                  = {IEEE/ACM Transactions on Networking},
  Year                     = {1997},
  Number                   = {5},
  Pages                    = {601--615},
  Volume                   = {5},

  Publisher                = {IEEE}
}

@InProceedings{DNS-Randevouz:SATIN2011,
  Title                    = {{Flexible Traffic and Host Profiling via DNS Rendezvous}},
  Author                   = {D.~Plonka and P.~Barford},
  Booktitle                = {Proc. of SATIN},
  Year                     = {2011}
}

@InProceedings{Active-IPv6-addresses,
  Title                    = {{Temporal and Spatial Classification of Active IPv6 Addresses}},
  Author                   = {D.~Plonka and A.~Berger},
  Booktitle                = IMC,
  Year                     = {2015}
}

@InProceedings{IMC2010-PaDIS,
  Title                    = {{Improving Content Delivery using Provider-aided Distance Information}},
  Author                   = {I. Poese and B. Frank and B. Ager and G. Smaragdakis and A. Feldmann},
  Booktitle                = IMC,
  Year                     = {2010}
}

@Article{CCR-CaTE,
  Title                    = {{Enabling Content-aware Traffic Engineering}},
  Author                   = {I.~Poese and B.~Frank and G.~Smaragdakis and S.~Uhlig and A.~Feldmann and B.~Maggs},
  Journal                  = CCR,
  Year                     = {2012},
  Number                   = {5},
  Volume                   = {42}
}

@Article{CCR-Geolocation,
  Title                    = {{IP Geolocation Databases: Unreliable?}},
  Author                   = {I.~Poese and S.~Uhlig and M.~A.~Kaafar and B.~Donnet and B.~Gueye},
  Journal                  = CCR,
  Year                     = {2011},
  Number                   = {2},
  Volume                   = {41}
}

@InProceedings{HTTP-as-the-Narrow-Waist:HotNets2010,
  Title                    = {{HTTP as the Narrow Waist of the Future Internet}},
  Author                   = {L.~Popa and A.~Ghodsi and I.~Stoica},
  Booktitle                = HOTNETS,
  Year                     = {2010}
}

@InProceedings{TCP-Revisited:IMC2009,
  Title                    = {{TCP Revisited: A Fresh Look at TCP in the Wild}},
  Author                   = {F.~Qian and A.~Gerber and Z.~M.~Mao and S.~Sen and O.~Spatscheck and W.~Willinger},
  Booktitle                = IMC,
  Year                     = {2009}
}

@InProceedings{qiu2001placement,
  Title                    = {On the placement of web server replicas},
  Author                   = {L.~Qiu and V.~N.~Padmanabhan and G.~M.~Voelker},
  Booktitle                = INFOCOM,
  Year                     = {2001}
}

@InProceedings{Trinocular,
  Title                    = {{Trinocular: Understanding Internet Reliability Through Adaptive Probing}},
  Author                   = {L.~Quan and J.~Heidemann and Y.~Pradkin},
  Booktitle                = SIGCOMM,
  Year                     = {2013}
}

@TechReport{Heidemann:2012:Egypt,
  Title                    = {{Detecting Internet Outages with Precise Active Probing}},
  Author                   = {L.~Quan and J.~Heidemann and Y.~Pradkin},
  Institution              = {USC/Information Sciences Institute},
  Year                     = {2012},
  Month                    = may,
  Number                   = {ISI-TR-701}
}

@Article{quoitin2003interdomain,
  Title                    = {{Interdomain Traffic Engineering with BGP}},
  Author                   = {B.~Quoitin and C.~Pelsser and L.~Swinnen and O.~Bonaventure and S.~Uhlig},
  Journal                  = {IEEE Communications magazine},
  Year                     = {2003},
  Number                   = {5},
  Pages                    = {122--128},
  Volume                   = {41}
}

@InProceedings{raja2014volume,
  Title                    = {{Volume-Based Transit Pricing: Is 95 the Right Percentile?}},
  Author                   = {V.R.~Raja and A.~Dhamdhere and A.~Scicchitano and S.~Shakkottai and S.~Leinen},
  Booktitle                = PAM,
  Year                     = {2014}
}

@InProceedings{rasti2010eyeball,
  Title                    = {{Eyeball ASes: from Geography to Connectivity}},
  Author                   = {Rasti, Amir H and Magharei, Nazanin and Rejaie, Reza and Willinger, Walter},
  Booktitle                = IMC,
  Year                     = {2010}
}

@Misc{IETF-RR-idr-bgp-optimal,
  Title                    = {{BGP Optimal Route Reflection}},

  Author                   = {R.~Raszuk and C.~Cassar and E.~Aman and B.~Decraene and S.~Litkowski},
  HowPublished             = {{IETF draft, draft-ietf-idr-bgp-optimal-route-reflection-06}},
  Year                     = {2013}
}

@Misc{wide-communities-idr,
  Title                    = {{Wide BGP Communities Attribute}},

  Author                   = {R.~Raszuk and J.~Haas and A.~Lange and S.~Amante and B.~Decraene and P.~Jakma and R.~Steenbergen},
  HowPublished             = {{IETF Internet Draft}},
  Month                    = {September},
  Year                     = {2016}
}

@Article{raszuk2012internet,
  Title                    = {Internet-Draft: Internet Exchange Route Server, draft-ietf-idr-ix-bgp-route-server-02},
  Author                   = {Raszuk, Robert and Jasinska, Elisa and Bakker, Niels and Hilliard, Nick},
  Year                     = {2012}
}

@Misc{outage-telecity-linx,
  Title                    = {Telecity Outage},

  Author                   = {The Register},
  HowPublished             = {\url{http://www.theregister.co.uk/2015/11/17/telecity_voip_outage/}}
}

@Misc{outage-telecity-BT-2016-register,
  Title                    = {{BT internet outage was our fault, says Equinix}},

  Author                   = {The Register},
  HowPublished             = {\url{http://www.theregister.co.uk/2016/07/20/telecity_power_outage_bt_offline/}},
  Month                    = {July},
  Year                     = {2016}
}

@Misc{IETF-RFC4271,
  Title                    = {{A Border Gateway Protocol 4 (BGP-4)}},

  Author                   = {Y. ~Rekhter and T.~Li and S. Hares},
  HowPublished             = {{IEFT RFC 4271}},
  Year                     = {2006}
}

@Article{Akamai-Infrastructure-Monitor,
  Title                    = {{Scaling a Monitoring Infrastructure for the Akamai Network}},
  Author                   = {T.~Repantis and J.~Cohen and S.~Smith and J.~Wein},
  Journal                  = {SIGOPS Oper. Syst. Rev.},
  Year                     = {2010},
  Number                   = {3},
  Volume                   = {44}
}

@Article{CCR-IPv4-scarcity,
  Title                    = {{A Primer on IPv4 Scarcity}},
  Author                   = {P. Richter and M.~Allman and R.~Bush and V.~Paxson},
  Journal                  = CCR,
  Year                     = {2015},

  Month                    = apr,
  Number                   = {2},
  Volume                   = {45}
}

@InProceedings{IMC2014-RS,
  Title                    = {{Peering at Peerings: On the Role of IXP Route Servers}},
  Author                   = {P.~Richter and G.~Smaragdakis and A.~Feldmann and N.~Chatzis and J.~Boettger and W.~Willinger},
  Booktitle                = IMC,
  Year                     = {2014}
}

@InProceedings{IMC2016-IPv4,
  Title                    = {{Beyond Counting: New Perspectives on the Active IPv4 Address Space}},
  Author                   = {P.~Richter and G.~Smaragdakis and D.~Plonka and A.~Berger},
  Booktitle                = IMC,
  Year                     = {2016}
}

@InProceedings{DNSSEC-DDoS,
  Title                    = {{DNSSEC and its Potential for DDoS Attacks -- A Comprehensive Measurement Study}},
  Author                   = {R.~van~Rijswijk-Deij and A.~Sperotto and A.~Pras},
  Booktitle                = IMC,
  Year                     = {2014}
}

@Article{Ten-Lessons-from-Ten-Years-AS-Modeling:JSAC2011,
  Title                    = {{10 Lessons from 10 Years of Measuring and Modeling the Internet's Autonomous Systems}},
  Author                   = {M.~Roughan and W.~Willinger and O.~Maennel and D.~Perouli and R.~Bush},
  Journal                  = IEEEJSAC,
  Year                     = {2011},
  Number                   = {9},
  Volume                   = {29}
}


@InProceedings{Dasu:NSDI2013,
  Title                    = {{Dasu: Pushing Experiments to the Internet's Edge}},
  Author                   = {M~A.~S\'anchez and J.~.S.~Otto and Z.~S.~Bischof and D.~R.~Choffnes and F.~E.~Bustamante and B.~Krishnamurthy and W.~Willinger},
  Booktitle                = NSDI,
  Year                     = {2013}
}

@InProceedings{IMC2014-ALTPS,
  Title                    = {{Inter-Domain Traffic Estimation for the Outsider}},
  Author                   = {M.~Sanchez and F.~Bustamante and B.~Krishnamurthy and W.~Willinger and G.~Smaragdakis and J.~Erman},
  Booktitle                = IMC,
  Year                     = {2014}
}



@Article{correlation-in-BGP,
  Title                    = {{On the extent of correlation in BGP updates in the Internet and what it tells us about locality of BGP routing events}},
  Author                   = {A.~Sapegin and S.~Uhlig},
  Journal                  = CC,
  Year                     = {2013},
  Number                   = {15--16},
  Volume                   = {36}
}

@InProceedings{Cellular-M2M:Sigmetrics2012,
  Title                    = {{A First Look at Cellular Machine-to-Machine Traffic -- Large Scale Measurement and Characterization}},
  Author                   = {M.~Z.~Shafiq and L.~Ji and A.~X.~Liu and J.~Pang and J.~Wang},
  Booktitle                = SIGMETRICS,
  Year                     = {2012}
}

@InCollection{shavitt:2013,
  Title                    = {{Internet PoP Level Maps}},
  Author                   = {Y.~Shavitt and N.~Zilberman},
  Booktitle                = {Data Traffic Monitoring and Analysis},
  Publisher                = {Springer},
  Year                     = {2013},
  Pages                    = {82--103}
}

@InProceedings{making-middlebox-else:sigcomm12,
  Title                    = {{Making Middleboxes Someone Else's Problem: Network Processing as a Cloud Service}},
  Author                   = {J.~Sherry and S.~Hasan and C.~Scott and A.~Krishnamurthy and S.~Ratsanamy and V.~Sekar},
  Booktitle                = {SIGCOMM},
  Year                     = {2012}
}

@InProceedings{Argus:IMC2012,
  Title                    = {{Detecting Prefix Hijackings in the Internet with Argus}},
  Author                   = {X.~Shi and Y.~Xiang and Z.~Wang and X.~Yin and J.~Wu},
  Booktitle                = IMC,
  Year                     = {2012}
}

@InProceedings{singh2016pathcache,
  Title                    = {{PathCache: A Path Prediction Toolkit}},
  Author                   = {R.~Singh and P.~Gill},
  Booktitle                = {SIGCOMM Poster and Demo Session},
  Year                     = {2016}
}

@Book{Akamai-Overlay-Network,
  Title                    = {{Overlay Networks: An Akamai Perspective}},
  Author                   = {R.~K.~Sitaraman and M.~Kasbekar and W.~Lichtenstein and M.~Jain},
  Publisher                = {{John Wiley \& Sons}},
  Year                     = {2014},

  Journal                  = {{Advanced Content Delivery, Streaming, and Cloud Services}}
}

@InProceedings{value-of-IXP-participation,
  Title                    = {{Framing the Value of Internet Exchange Participation}},
  Author                   = {J.~H.~Sowell},
  Booktitle                = {Proc. of TPRC},
  Year                     = {2013}
}

@InProceedings{Rocketfuel,
  Title                    = {{Measuring ISP topologies with Rocketfuel}},
  Author                   = {N.~Spring and R.~Mahajan and D.~Wetherall},
  Booktitle                = SIGCOMM,
  Year                     = {2002}
}

@InProceedings{ImpressionFraud:2013,
  Title                    = {{Impression Fraud in Online Advertising via Pay-Per-View Networks}},
  Author                   = {K.~Springborn and P.~Barford},
  Booktitle                = {USENIX Security Symposium},
  Year                     = {2013}
}

@Article{IXP-CACM-national-security:2011,
  Title                    = {{National Internet Defense -- Small States on the Skirmish Line}},
  Author                   = {R.~Stapleton-Gray and W.~Woodcock},
  Journal                  = CACM,
  Year                     = {2011},
  Number                   = {3},
  Volume                   = {54}
}

@InProceedings{EDNS:IMC2013,
  Title                    = {{Exploring EDNS-Client-Subnet Adopters in your Free Time}},
  Author                   = {F.~Streibelt and J.~Boettger and N.~Chatzis and G.~Smaragdakis and A.~Feldmann},
  Booktitle                = IMC,
  Year                     = {2013}
}

@InProceedings{DraftingBehindAkamai:SIGCOMM2006,
  Title                    = {{Drafting Behind Akamai}},
  Author                   = {A.~Su and D.~Choffnes and A.~Kuzmanovic and F.~Bustamante},
  Booktitle                = SIGCOMM,
  Year                     = {2006}
}

@InProceedings{Tariq:What-if,
  Title                    = {{Answering What-if Deployment and Configuration Questions with Wise}},
  Author                   = {M.~Tariq and A.~Zeitoun and V.~Valancius and N.~Feamster and M.~Ammar},
  Booktitle                = SIGCOMM,
  Year                     = {2009}
}

@Article{cymru,
  Title                    = {{IP to ASN mapping}},
  Author                   = {Cymru Team},
  Journal                  = {\url{http://www.team-cymru.org/IP-ASN-mapping.html}}
}

@Misc{fortunetech,
  Title                    = {{Digital Realty Trust to buy Telx in \$1.88 billion deal}},

  Author                   = {Fortune~Tech},
  HowPublished             = {\url{http://fortune.com/2015/07/14/digital-realty-trust-to-buy-telx-in} \url{-1-88-billion-deal/}}
}

@Misc{telehouse,
  Title                    = {{Colocation Services}},

  Author                   = {Telehouse},
  HowPublished             = {\url{http://www.telehouse.com/facilities/colocation/}}
}

@Misc{nanog-Ashburn-talk,
  Title                    = {{Key Findings of the 2015 Ashburn, VA Data Center Resilience Project}},

  Author                   = {M.~Thompson},
  HowPublished             = {NANOG 67}
}

@InProceedings{ContentDeliveryNetwork2009,
  Title                    = {{Content Delivery Networks: Protection or Threat?}},
  Author                   = {S.~Triukose and Z.~Al-Qudah and M.~Rabinovich},
  Booktitle                = {Proc. of ESORICS '09}
}

@InProceedings{Measuring-CDN:WWW2011,
  Title                    = {{Measuring a Commercial Content Delivery Network}},
  Author                   = {S.~Triukose and Z.~Wen and M. Rabinovich},
  Booktitle                = WWW,
  Year                     = {2011}
}

@InProceedings{California-Fault-Lines,
  Title                    = {{California Fault Lines: Understanding the Causes and Impact of Network Failures}},
  Author                   = {D.~Turner and K.~Levchenko and A.~C.~Snoeren and S.~Savage},
  Booktitle                = SIGCOMM,
  Year                     = {2010}
}

@InProceedings{bgp-mux-conext2007-poster,
  Title                    = {{Multiplexing BGP Sessions with BGP-Mux}},
  Author                   = {V.~Valancius and N.~Feamster},
  Booktitle                = CONEXT,
  Year                     = {2007}
}

@InProceedings{joint-content-network-routing-sigmetrics2013,
  Title                    = {{Quantifying the Benefits of Joint Content and Network Routing}},
  Author                   = {V.~Valancius and B.~Ravi and N.~Feamster and A.~C.~Snoeren},
  Booktitle                = SIGMETRICS,
  Year                     = {2013}
}

@Article{Zipf,
  Title                    = {{A Methodology for Studying Persistency Aspects of Internet Flows}},
  Author                   = {J.~Wallerich and H.~Dreger and A.~Feldmann and B.~Krishnamurthy and W.~Willinger},
  Journal                  = CCR,
  Year                     = {2005},

  Month                    = apr,
  Number                   = {2},
  Volume                   = {35}
}

@InProceedings{BGP-behavior-IMW2002,
  Title                    = {{Observation and Analysis of BGP Behavior under Stress}},
  Author                   = {L.~Wang and X.~Zhao and D.~Pei and R.~Bush and D.~Massey and A.~Mankin and S.~F. Wu and L.~Zhang},
  Booktitle                = IMW,
  Year                     = {2002}
}

@InProceedings{WebProxies:PAM2014,
  Title                    = {{Here Be Web Proxies}},
  Author                   = {N.~Weaver and C.~Kreibich and M.~Dam and V.~Paxson},
  Booktitle                = PAM,
  Year                     = {2014}
}

@Misc{OECD:Internet-Traffic-Exchange-2013,
  Title                    = {{Internet Traffic Exchange: Market Developments and Policy Challenges}},

  Author                   = {D.~Weller and B.~Woodcock},
  HowPublished             = {{OECD Digital Economy Paper~\#207, January 29, 2013.}}
}

@Article{SIGCOMM-chapter-Redux,
  Title                    = {{Internet Topology Research Redux}},
  Author                   = {W.~Willinger and M.~Roughan},
  Journal                  = {Recent Advances in Networking},
  Year                     = {2013},
  Number                   = {1},
  Volume                   = {1}
}

@Misc{pch-peering-survey-2016,
  Title                    = {{2016 Survey of Internet Carrier Interconnection Agreements}},

  Author                   = {B.~Woodcock and M.~Frigino},
  HowPublished             = {Packet Clearing House. \url{www.pch.net/resources/Papers/peering-survey/PCH-Peering-Survey-2016.pdf}},
  Month                    = {November},
  Year                     = {2016}
}

@InProceedings{Wu:2009,
  Title                    = {{A Three-step Dynamic Threshold Method to Cluster BGP Updates into Routing Events}},
  Author                   = {X.~Wu and X.~Yin and Z.~Wang and M.~Tang},
  Booktitle                = {IEEE ISADS},
  Year                     = {2009}
}

@InProceedings{rr2,
  Title                    = {{Reliability-Aware IBGP Route Reflection Topology Design}},
  Author                   = {L.~Xiao and J.~Wang and K.~Nahrstedt},
  Booktitle                = ICNP,
  Year                     = {2003}
}

@InProceedings{Xu:Infocom2011,
  Title                    = {{Network-Aware Behavior Clustering of Internet End Hosts}},
  Author                   = {K.~Xu and F.~Wang and L.~Gu},
  Booktitle                = INFOCOM,
  Year                     = {2011}
}

@InProceedings{RT-Bidding-online-advertisement:ADKDD2013,
  Title                    = {{Real-time bidding for online advertising: measurement and analysis}},
  Author                   = {S.~Yuan and J.~Wang and X.~Zhao},
  Booktitle                = {{ADKDD}},
  Year                     = {2013}
}

@Article{BGP-updates:CCR2005,
  Title                    = {{Collecting the internet AS-level topology}},
  Author                   = {B.~Zhang and R.~Liu and D.~Massey and L.~Zhang},
  Journal                  = CCR,
  Year                     = {2005},
  Number                   = {1},
  Volume                   = {35}
}

@InProceedings{Zhang:2005,
  Title                    = {{Learning-based anomaly detection in BGP updates}},
  Author                   = {J.~Zhang and J.~Rexford and J.~Feigenbaum},
  Booktitle                = {ACM SIGCOMM workshop on Mining network data},
  Year                     = {2005}
}

@InProceedings{zhang2006dns,
  Title                    = {{How DNS Misnaming Distorts Internet Topology Mapping}},
  Author                   = {M.~Zhang and Y.~Ruan and V.~Pai and J.~Rexford},
  Booktitle                = {USENIX ATC},
  Year                     = {2006}
}

@InProceedings{zhang:2010,
  Title                    = {{Quantifying the pitfalls of traceroute in AS connectivity inference}},
  Author                   = {Y.~Zhang and R.~Oliveira and H.~Zhang and L.~Zhang},
  Booktitle                = {PAM},
  Year                     = {2010}
}

@Article{zhu2012latlong,
  Title                    = {{LatLong: Diagnosing Wide-Area Latency Changes for CDNs}},
  Author                   = {Y.~Zhu and B.~Helsley and J.~Rexford and A.~Siganporia and S.~Srinivasan},
  Journal                  = {Network and Service Management, IEEE Transactions on},
  Year                     = {2012},
  Number                   = {3},
  Pages                    = {333--345},
  Volume                   = {9},

  Publisher                = {IEEE}
}

@Misc{abilene,
  Title                    = {{Internet2 Network Research Data}},
  HowPublished             = {\url{http://noc.net.internet2.edu/i2network/research-data.html}}
}

@Misc{Akamai-Security-Report,
  Title                    = {{Akamai State of the Internet; Quarterly Security Reports}},
  HowPublished             = {\url{https://www.akamai.com/us/en/our-thinking/state-of-the-internet-report/global-state-of-the-internet} \url{-security-ddos-attack-reports.jsp}}
}

@Misc{Akamai-Security-Report-Q3,
  Title                    = {{Q3 2016 State of the Internet / Security Report}},
  HowPublished             = {\url{https://www.akamai.com/us/en/multimedia/documents/state-of-the-internet/q3-2016-state-of-the-internet-security-report.pdf}}
}

@Misc{AMSIX-blackholing,
  Title                    = {{AMS-IX and DDoS}},
  HowPublished             = {More-IP event, May 2013, \url{http://www.more-ip-event.net/system/documents/6/original/TM-38_NB-DDoS.pdf}}
}

@Misc{amsix-facilities,
  Title                    = {{AMS-IX Connected Parties}},
  HowPublished             = {\url{https://ams-ix.net/connected_parties}}
}

@Misc{AMSIX-incident-official,
  Title                    = {{Follow-up on previous incident at AMS-IX platform}},
  HowPublished             = {AMS-IX News, \url{https://ams-ix.net/newsitems/195}}
}

@Misc{amsix-nyc,
  Title                    = {{AMS-IX New York}},
  HowPublished             = {\url{https://nynj.ams-ix.net/}}
}

@Misc{AMSIX-SLA,
  Title                    = {{AMS-IX Service Level Agreement}},
  HowPublished             = {\url{https://ams-ix.net/services-pricing/service-level-agreement}}
}

@Misc{AMS-RS-filtering,
  Title                    = {{AMS-IX Route Servers}},
  HowPublished             = {\url{https://www.ams-ix.net/technical/specifications-descriptions/ams-ix-route-servers}}
}

@Misc{Ark,
  Title                    = {{Archipelago (Ark) Measurement Infrastructure}},
  HowPublished             = {\url{http://www.caida.org/projects/ark/}}
}

@Misc{as-rank-caida,
  Title                    = {{CAIDA - AS Rank}},
  HowPublished             = {\url{http://as-rank.caida.org}}
}

@Misc{bank-attack,
  Title                    = {{Daily Mirror: Hackers attack the Stock Exchange: Cyber criminals take down website for more than two hours as
part of protest against world's banks}},
  HowPublished             = {\url{http://www.dailymail.co.uk/news/article-3625656/Hackers-attack-Stock-Exchange-Cyber-}
\url{criminals-website-two-hours-protest-} \url{against-world-s-banks.html}}
}

@Misc{bics-pops,
  Title                    = {{Belgacom International Carrier Services BICS. Points of presence}},
  HowPublished             = {\url{http://bics.com/sites/default/files/upload/files/BICS_PoPs_May2014.pdf}}
}

@Misc{bird,
  Title                    = {{The BIRD Internet Routing Daemon}},
  HowPublished             = {\url{http://bird.network.cz}}
}

@Misc{cedexis-benchmarking,
  Title                    = {{Cedexis - Independent Cloud and CDN Performance Benchmarking}},
  HowPublished             = {\url{http://www.cedexis.com/radar/cloud-cdn-comparison.html}}
}

@Misc{cidr-report,
  Title                    = {{CIDR Report}},
  HowPublished             = {\url{http://www.cidr-report.org/}}
}

@Misc{cloudscene,
  Title                    = {{CloudScene}},
  HowPublished             = {\url{https://cloudscene.com/}}
}

@Misc{cogent-blackhole,
  Title                    = {{Cogent Customer User Guide}},
  HowPublished             = {\url{http://www.cogentco.com/files/docs/customer_service/guide/global_cogent_customer_user_guide.pdf}}
}

@Misc{cymru-BGP-bogon-reference,
  Title                    = {{Cymru BGP Bogon Refence}},
  HowPublished             = {\url{http://www.team-cymru.org/bogon-reference-bgp.html}}
}

@Misc{cz.nic,
  Title                    = {{CZ.NIC Labs}},
  HowPublished             = {\url{https://labs.nic.cz/}}
}

@Misc{DataCenterDynamics,
  Title                    = {{Data Center Dynamics}},
  HowPublished             = {\url{http://www.datacenterdynamics.com/}}
}

@Misc{DataCenterKnowledge,
  Title                    = {{Data Center Knowledge}},
  HowPublished             = {\url{http://www.datacenterknowledge.com/}}
}

@Misc{datacentermap,
  Title                    = {{Data Center Map}},
  HowPublished             = {\url{http://www.datacentermap.com/}}
}

@Misc{DECIX-Blackholing,
  Title                    = {{DE-CIX Blackholing -- Fight DDoS Attacks}},
  HowPublished             = {\url{http://www.de-cix.net/products-services/de-cix-frankfurt/blackholing/}}
}

@Misc{DECIX-number-private-peering,
  Title                    = {{DE-CIX quick facts}},
  HowPublished             = {\url{http://www.de-cix.net/about/quick-facts}}
}

@Misc{decix-nyc,
  Title                    = {{DE-CIX New York}},
  HowPublished             = {\url{http://nyc.de-cix.net/}}
}

@Misc{dnsdb,
  Title                    = {{Farsight Security DNSDB}},
  HowPublished             = {\url{https://www.dnsdb.info/}}
}

@Misc{easynet-communities,
  Title                    = {{Easynet BGP Policy Description}},
  HowPublished             = {\url{http://lg.easynet.net/bgppolicy.php}}
}

@Misc{equinix-exchange,
  Title                    = {{Equinix Internet Exchange}},
  HowPublished             = {\url{http://www.equinix.com/services/interconnection-connectivity/internet-exchange/}}
}

@Misc{equinix-financial,
  Title                    = {{Equinix Investor Relations: Annual and Quarter Results}},
  HowPublished             = {\url{http://investor.equinix.com/}}
}

@Misc{euro-ix,
  Title                    = {{European Internet Exchange Association}},
  HowPublished             = {\url{https://www.euro-ix.net}}
}

@Misc{euro-ix-config,
  Title                    = {{Euro-IX IXP Best Current Practice (BCP)}},
  HowPublished             = {\url{https://www.euro-ix.net/euro-ix-bcp}}
}

@Misc{Euro-IX-db-members,
  Title                    = {{Euro-IX ASN Database}},
  HowPublished             = {\url{https://www.euro-ix.net/tools/asn-database/}}
}

@Misc{euro-ix-report,
  Title                    = {{Euro-IX Reports on European IXPs}},
  HowPublished             = {\url{https://www.euro-ix.net/euro-ix-reports}}
}

@Misc{euroixreport2012,
  Title                    = {{2012 Report on European IXPs - Euro-IX}},
  HowPublished             = {\url{https://www.euro-ix.net/documents/1117-Euro-IX-IXP-Report-2012-pdf?download=yes}}
}

@Misc{euro-ix-resources,
  Title                    = {{Euro-IX Resources: Traffic, Reports, and Best Practices}},
  HowPublished             = {\url{https://www.euro-ix.net/resources}}
}

@Misc{forbes-if4,
  Title                    = {{Forbes - The Internet's Fantastic Four: How Google, Amazon, Facebook, and Apple Rule the Web}},
  HowPublished             = {\url{http://www.forbes.com/sites/techonomy/2012/12/05/ the-internets-fantastic-four-how-google-amazon-facebook-and-apple-rule-the-web}}
}

@Misc{gmaps-geocoding-api,
  Title                    = {{Google Maps Geocoding API}},
  HowPublished             = {\url{https://developers.google.com/maps/documentation/geocoding/intro}}
}

@Misc{google_bid_threshold,
  Title                    = {{Google AdExchange}},
  HowPublished             = {\url{http://developers.google.com/ad-exchange/rtb/getting_started}}
}

@Misc{GoogleCache,
  Title                    = {{Google Global Cache}},
  HowPublished             = {\url{http://ggcadmin.google.com/ggc}}
}

@Misc{google-peering-policy,
  Title                    = {{Google Peering Policy (accessed 2013-4)}},
  HowPublished             = {\url{https://peering.google.com/about/peering_policy.html}}
}

@Misc{gov-attack,
  Title                    = {{Deutsche Welle: Anonymous hacktivist explains why group is targeting Saudi Arabian government}},
  HowPublished             = {\url{http://www.dw.com/en/anonymous-hacktivist-explains-why-} \url{group-is-targeting-saudi-} \url{arabian-government/a-18758195}}
}

@Misc{he-bgp-portal,
  Title                    = {{Hurricane Electric BGP portal}},
  HowPublished             = {\url{http://bgp.he.net}}
}

@Misc{IAB2013-report,
  Title                    = {{Internet Advertising Bureau (IAB). 2013 Internet Advertising Revenue Report}},
  HowPublished             = {\url{http://www.iab.net/AdRevenueReport}}
}

@Misc{Incapsula,
  Title                    = {{Incapsula}},
  HowPublished             = {\url{https://www.incapsula.com/}}
}

@Misc{IRR-db,
  Title                    = {{IRR - Internet Routing Registry}},
  HowPublished             = {\url{http://www.irr.net}}
}

@Misc{isi-outage-datasets,
  Title                    = {{Internet Outage Datasets}},
  HowPublished             = {\url{https://ant.isi.edu/datasets/internet_outages/}},

  Institution              = {USC/Information Sciences Institute}
}

@Misc{iso3166-1,
  Title                    = {{Country codes - ISO 3166.}},
  HowPublished             = {\url{http://www.iso.org/iso/country_codes.htm}}
}

@Misc{jpnap-pops,
  Title                    = {{JPNAP Tokyo I Service}},
  HowPublished             = {\url{http://www.jpnap.net/english/jpnap-tokyo-i/index.html}}
}

@Misc{l7,
  Title                    = {{Application Layer Packet Classifier for Linux (L7-filter)}},
  HowPublished             = {\url{http:// l7-filter.sourceforge.net/}},

  Owner                    = {casp},
  Timestamp                = {2012.05.05}
}

@Misc{Link11,
  Title                    = {{Link 11}},
  HowPublished             = {\url{https://www.link11.com/en/}}
}

@Misc{LINX-blackholing,
  Title                    = {{LINX: Black Holing Support for DDoS Attack}},
  HowPublished             = {HotLINX 34, \url{https://www.linx.net/files/hotlinx/hotlinx-34.pdf}}
}

@Misc{linx-nova,
  Title                    = {{LINX NoVA}},
  HowPublished             = {\url{https://www.linx.net/service/publicpeering/nova}}
}

@Misc{LINX-press-statement-for-DDoS,
  Title                    = {{Press Statement - Reason for LINX Outage 31 May 2012}},
  HowPublished             = {\url{https://old.linx.net/publicity/2012releases/pr2012-press-statement-310512.html}}
}

@Misc{LINX-private-peering-traffic,
  Title                    = {{LINX Traffic statistics}},
  HowPublished             = {\url{https://stats.linx.net/aggregate.html}}
}

@Misc{Nanog-Mailing-List,
  Title                    = {NANOG Mailing List and Archives},
  HowPublished             = {\url{https://www.nanog.org/list/archives}}
}

@Misc{netflix-content-delivery,
  Title                    = {{Netflix Open Connect}},
  HowPublished             = {\url{https://signup.netflix.com/openconnect}},
year = 2020
}

@Misc{Netflix-Open-Connect,
  Title                    = {{Netflix Open Connect}},
  HowPublished             = {\url{https://signup.netflix.com/openconnect}}
}

@Misc{openbgpd,
  Title                    = {{OpenBGPD Border Gateway Protocol}},
  HowPublished             = {\url{http://www.openbgpd.org/}}
}

@Misc{open-ix,
  Title                    = {{Open-IX Association}},
  HowPublished             = {\url{http://www.open-ix.org/}}
}

@Misc{open-IX-news,
  Title                    = {{Open IX - In The News}},
  HowPublished             = {\url{http://www.open-ix.org/news/}}
}

@Misc{Outages-Mailing-List,
  Title                    = {Outage Reporting List},
  HowPublished             = {\url{https://puck.nether.net/pipermail/outages/}}
}

@Misc{OVH-Large-attack,
  Title                    = {{OVH suffers 1.1Tbps DDoS attack}},
  HowPublished             = {{https://www.scmagazineuk.com/ovh-suffers-11tbps-ddos-attack/article/532197/}}
}

@Misc{pch-ixp-dir,
  Title                    = {{Packet Clearing House Internet Exchange Directory}},
  HowPublished             = {\url{https://www.pch.net/ixp/dir}}
}

@Misc{pch-routing-archive,
  Title                    = {{Packet Clearing House routing archive}},
  HowPublished             = {\url{https://www.pch.net/resources/data.php}}
}

@Misc{peer_wire,
  Title                    = {{BitTorrent Protocol Specification v 1.0}},
  HowPublished             = {\url{https://wiki.theory.org/BitTorrentSpecification}},

  Owner                    = {casp},
  Timestamp                = {2013.04.16}
}

@Misc{peeringdb,
  Title                    = {{PeeringDB}},
  author = {{PeeringDB}},
  HowPublished             = {\url{https://www.peeringdb.com}},
year = 2020
}

@Misc{Prolexic,
  Title                    = {{Prolexic Technologies by Akamai}},
  HowPublished             = {\url{https://www.akamai.com/us/en/products/security/prolexic-solutions.jsp}},
  Year                     = {2021},
  Author                   = {Akamai}
}

@Misc{Quagga,
  Title                    = {{Quagga Routing Suite}},
  HowPublished             = {\url{http://www.nongnu.org/quagga/}}
}

@Misc{ransomware,
  Title                    = {{New York Times: Hackers Hit Dozens of Countries Exploiting Stolen N.S.A. Tool}},
  HowPublished             = {\url{https://www.nytimes.com/2017/05/12/world/europe/uk-national-health-service-cyberattack.html}}
}

@Misc{renesys-bakers-dozen-2013,
  Title                    = {{Renesys - A Baker's Dozen, 2013 Edition}},
  HowPublished             = {\url{http://www.renesys.com/2014/01/bakers-dozen-2013-edition}}
}

@Misc{RIPE-Atlas,
  Title                    = {{RIPE Atlas}},
  HowPublished             = {\url{https://atlas.ripe.net/}}
}

@Misc{RIPE-Atlas-limits,
  Title                    = {{RIPE Atlas Rate Limits}},
  HowPublished             = {\url{https://atlas.ripe.net/docs/udm/}{rate-limits}}
}

@Misc{RIPE-RIS,
  Title                    = {{RIPE Routing Information Service}},
  HowPublished             = {\url{http://www.ripe.net/ris/}}
}

@Misc{RIPEstats,
  Title                    = {{RIPEstat webpage}},
  HowPublished             = {\url{https://stat.ripe.net/}}
}

@Misc{routeserver_dummies,
  Title                    = {{Route Servers for !Dummies, slides INEX 2010}},
  HowPublished             = {\url{http://www.uknof.org.uk/uknof15/Hilliard-Routeservers.pdf}}
}

@Misc{routeserver_growth,
  Title                    = {{How to grow your IX using route servers, Will Hargrave slides AFPIF Peering Coordinators Day 2011}},
  HowPublished             = {\url{http://www.isoc.org/isoc/conferences/afpif/2011/docs/halgrave.pdf}}
}

@Misc{Routeviews,
  Title                    = {{Routeviews Project -- University of Oregon}},
  HowPublished             = {\url{http://www.routeviews.org/}}
}

@Misc{russian-elections-2012,
  Title                    = {{BBC: `Hacking attacks' hit Russian political sites}},
  HowPublished             = {\url{http://www.bbc.com/news/technology-16032402}}
}

@Misc{scansio,
  Title                    = {{Internet-Wide Scan Data Repository}},
  HowPublished             = {\url{https://scans.io/}}
}

@Misc{sFlow,
  Title                    = {{InMon -- sFlow}},
  Note                     = {\url{http://sflow.org/}},

  Key                      = {sFlow}
}

@Misc{Spamhouse,
  Title                    = {{The Spamhouse Project}},
  HowPublished             = {\url{https://www.spamhaus.org/}}
}

@Misc{TorrentFreak,
  Title                    = {{Internet Backbone Provider Cogent Blocks Pirate Bay and other Pirate Sites}},
  Note                     = {TorrentFreak, accessed: February 9, 2017}
}

@Misc{ucprotect,
  Title                    = {{UCPROTECT network blacklist policy}},
  HowPublished             = {\url{http://www.uceprotect.net/en/index.php?m=3&s=0}}
}

@Misc{ULG,
  Title                    = {{ULG - Universal Looking Glass}},
  HowPublished             = {\url{https://labs.nic.cz/page/1304/ulg---universal-looking-glass/}}
}

@Misc{unlocode,
  Title                    = {{United Nations code for trade and transport locations (un/locode)}},
  HowPublished             = {\url{http://www.unece.org/cefact/locode/service/location.html}}
}

@Misc{utp,
  Title                    = {{uTorrent Transport Protocol Specification}},
  HowPublished             = {\url{http://www.bittorrent.org/beps/bep_0029.html}},
}
%Owner                    = {casp},
%  Timestamp                = {2013.04.16}
%}

@Misc{DECIX-WhitePaper-Blackholing,
  Title                    = {{Why is the Internet a Bigger Target than Ever}},
  HowPublished             = {{DE-CIX White Paper,
\url{https://de-cix.net/en/services/globepeer/blackholing/blackholing-white-paper}}},
  Year                     = {2016}
}

@TechReport{Ponemon-Institute-outage-cost,
  Title                    = {{Cost of Data Center Outages}},
  Institution              = {Ponemon Institute},
  Year                     = {2016},
  Month                    = January
}

@Misc{NFV,
  Title                    = {{Network Functions Virtualisation}},
  HowPublished             = {{SDN and OpenFlow World Congress}},
  Year                     = {2012}
}

@misc{2015-Russian-elections,
  Title                    = {{Rusia Today: `Very powerful' hacker attack targets Russian leader's website – Kremlin}},
  HowPublished             = {\url{https://www.rt.com/politics/315338-hacker-attack-kremlin-website/}}
}

@misc{2016-NS1-attack,
  Title                    = {{Arstechnica: Major DNS provider hit by mysterious, focused DDoS attack}},
  HowPublished             =
{\url{https://arstechnica.com/information-technology/2016/05/} \url{major-dns-provider-} \url{hit-by-mysterious-focused-ddos-attack}}
}



@misc{2016-Olympics-attack,
  Title                    = {{Tripwire: How a Massive 540 Gb/sec DDoS Attack Failed to Spoil the Rio Olympics}},
  HowPublished             =
{\url{https://www.tripwire.com/state-of-security/security-data-protection/cyber-security/how-a-massive-540-gbsec-} 
\url{ddos-attack-} \url{failed-to-spoil-the} \url{-rio-olympics/}}
}

@misc{2016-Dyn-attack,
    Title = {{Dyn Analysis Summary Of Friday October 21 Attack}},
    HowPublished = {\url{https://dyn.com/blog/dyn-analysis-} \url{summary-of-friday-october-21-attack/}},
	Year={2016},
    Month={October}
}

@misc{2016-Turkish-coup,
  Title                    = {{Russia Today: RT targeted by massive DDoS attack during attempted Turkey coup}},
HowPublished             =
{\url{https://www.rt.com/news/351645-rt-massive-ddos-attack/}}
}
%http://news.softpedia.com/news/wikileaks-servers-go-down-under-ddos-attack-after-announcing-turkey-coup-leaks-506436.shtml

@inproceedings{lutu2013bgp,
  title={{The BGP Visibility Scanner}},
  author={A.~Lutu and M.~Bagnulo and O.~Maennel},
  booktitle={IEEE Infocom Workshops},
  year={2013}
}


@misc{Arbor-infrastructure-security-report,
  Title                    = {{Arbor Networks. Worldwide Infrastructure Security Report: Volume XI}},
  HowPublished             = {\url{https://www.arbornetworks.com/images/documents/WISR2016_EN_Web.pdf}},
  year= 2016
}

@Misc{rfc4360,
  Title                    = {{BGP Extended Communities Attribute}},
  Author                   = {S.~Sangli and D.~Tappan and Y.~Rekhter},
  HowPublished             = {{IETF RFC 4360}},
  Year                     = {2006},
  No_month                 = {#Feb#}
}

@Misc{rfc8092,
  Title                    = {{BGP Large Communities Attribute}},
  Author                   = {J.~Heitz and J.~Snijders and K.~Patel and I.~Bagdonas and N.~Hilliard},
  HowPublished             = {{IETF RFC 8092}},
  Year                     = {2017},
  No_month                 = {#Feb#}
}




@InProceedings{Structure-Characterization-UAs:2017,
  Title                    = {{On the Structure and Characteristics of User Agent Strings}},
  Author                   = {J.~Kline and A.~Cahn and P.~Barford and J.~Sommers},
  Booktitle                = IMC,
  Year                     = {2017}
}

@article{Firefox-Insecurity:CCR,
 author = {S.~Frei and T.~Duebendorfer and B.~Plattner},
 title = {{Firefox (In) Security Update Dynamics Exposed}},
 journal = ccr, 
 volume = {39},
 number = {1},
 year = {2009}
} 

@inproceedings{How-Unique-Browser:2010,
 author = {P.~Eckersley} ,
 title = {{How Unique Is Your Web Browser?}},
booktitle = {Privacy Enhancing Technologies (PETS)},
year = 2010
}

@inproceedings{Vulnerability-Patching:Oakland2015,
author = {A.~Nappa and R.~Johnson and L.~Bilge and J.~Caballero and T.~Dumitras},  
title = {{The Attack of the Clones: A Study of the Impact of Shared Code on Vulnerability Patching}},
booktitle = {IEEE Symp. on Security and Privacy},
year = 2015
}

@inproceedings{patchme-pam2017,
author = {A.~Sarabi and Z.~Zhu and C.~Xiao and M.~Liu and T.~Dumitras},  
title = {{Patch Me If You Can: A Study on the Effects of Individual User Behavior on the End-Host Vulnerability State}},
booktitle = PAM,
year = 2017
}


@article{Lipp2018meltdown,
 author = {M.~Lipp and M.~Schwarz and D.~Gruss and T.~Prescher and W.~Haas and S.~Mangard and P.~Kocher and D.~Genkin
and Y.~Yarom and M.~Hamburg},
 title = {{Meltdown}},
 journal = {ArXiv e-prints},
 archivePrefix = "arXiv",
 eprint = {1801.01207},
 year = 2018,
 month = jan,
}

@article{Kocher2018spectre,
 author = {P.~Kocher and D.~Genkin and D.~Gruss and W.~Haas and M.~Hamburg and M.~Lipp and
S.~Mangard and T.~Prescher and M.~Schwarz and Y.~Yarom},
 title = {{Spectre Attacks: Exploiting Speculative Execution}},
 journal = {ArXiv e-prints},
 archivePrefix = "arXiv",
 eprint = {1801.01203},
 year = 2018,
 month = jan,
} 

@Misc{android-security-2016,
  Title                    = {{Android Security 2016 Year In Review}},
  HowPublished             = {Android Open Source Project, \url{https://source.android.com/security/reports/Google_Android_Security_2016_Report_Final.pdf}},
  Year                     = {2017},
  month                 = {March}
}

@inproceedings {SecPatches:CCS2017,
    author = {F.~Li and V.~Paxson},
    title = {{A Large-Scale Empirical Study of Security Patches}},
    booktitle = CCS,
    year = {2017}
}


@misc{Submarine-Almanac,
title = {{Submarine Cable Almanac}},
author = {Submarine Telecoms Forum},
howpublished = {\url{https://subtelforum.com/products/submarine-cable-almanac/}},
year = {2018}
}

@misc{Telegeography-submarine-cable,
title = {{Submarine Cable Map}},
author = {Telegeography},
howpublished = {\url{https://www.submarinecablemap.com/}},
year = {2018}
}


@misc{Zayo-optical-network,
title = {{Explore Our Global Network}},
author = {Zayo},
howpublished = {\url{https://www.zayo.com/solutions/global-network/}},
year = {2018}
}

@inproceedings{RADWAN:SIGCOMM2018,
title = {{RADWAN: Rate Adaptive Wide Area Network}},
author = {{R.~Singh and M.~Ghobadi and K.-T.~Foerster and M.~Filer and P.~Gill}},
booktitle = SIGCOMM,
year = {2018}
}

@inproceedings{HotNets2018:submarine-cables,
title = {{Untangling the world-wide mesh of undersea cables}},
author = {Z.~S.~Bischof and R.~Fontugne and F.~E.~Bustamante},
booktitle = HOTNETS,
year = {2018}
}

@misc{Akamai-backbone,
title = {{ICN – Akamai's Backbone}},
author = {{C.~Kaufmann}},
howpublished = {\url{https://www.linx.net/wp-content/uploads/LINX101-Akamai-ICN-ChristianKaufmann.pdf}},
year = {2018}
}

@inproceedings{Internet-delay-2010,
title = {{Has Internet Delay Gotten Better or Worse?}},
author = {DK~Lee and K.~Cho and G.~Iannaccone and S.~Moon},
booktitle = {{CFI'10}},
year = 2010
}

@inproceedings{Edge-delay:2018,
title = {{Five Years at the Edge: Watching Internet from the ISP Network}},
author = {M.~Trevisan and D.~Giordano and I.~Drago and M.~Mellia and M.~Munafo},
booktitle = CONEXT,
year = 2018
} 

@inproceedings{IMC2014-Back-Office,
author = 	{E.~Pujol and P.~Richter and B.~Chandrasekaran and G.~Smaragdakis and A.~Feldmann and B.~Maggs and KC.~Ng},
title = 	{{Back-Office Web Traffic on The Internet}},
booktitle = IMC,
year = 	2014
}

@inproceedings{Sattelite-Handley:2018,
title = {{Delay is Not an Option: Low Latency Routing in Space}},
author = {M.~Handley},
booktitle = HOTNETS,
year = 2018
}

@inproceedings{Gearing21st:2018,
title = {{Gearing up for the 21st century space race}},
author = {D.~Bhattacherjee and W.~Aqeel and I.~N.~Bozkurt and A.~Aguirre and B.~Chandrasekaran and P.~B.~Godfrey and G.~P.~Laughlin and B.~M.~Maggs and A.~Singla},
booktitle = HOTNETS,
year = 2018
}

@inproceedings{Sattelite-Heaven:2018,
title = {{Networking, in Heaven as on Earth}},
author = {T.~Klenze and G.~Giuliari and C.~Pappas and A.~Perrig and D.~Basin},
booktitle = HOTNETS,
year = 2018
}


@misc{Cisco-Netflow,
author = {{Cisco}},
title = {{Introduction to Cisco IOS NetFlow - A Technical Overview}},
howpublished
={\url{https://www.cisco.com/c/en/us/products/collateral/ios-nx-os-software/ios-netflow/prod_white_paper0900aecd80406232.html}},
year = {2012}
}

@inproceedings{ruth2018first,
  title={{A First Look at QUIC in the Wild}},
  author={J.~R{\"u}th and I.~Poese and C.~Dietzel and O.~Hohlfeld},
  booktitle={PAM},
  year=2018
}

@misc{skypeports,
    title={Which ports need to be open to use Skype on desktop?},
    author={{Microsoft}},
    year=2020,
    howpublished={\url{https://support.skype.com/en/faq/FA148/which-ports-need-to-be-open-to-use-skype-on-desktop}}
}

@misc{teamsports,
    title={Prepare your organization's network for Microsoft Teams},
    author={{Microsoft}},
    year=2020,
    howpublished={\url{https://docs.microsoft.com/en-us/microsoftteams/prepare-network}}
}

@misc{cflb,
    title={General best practices for load balancing at your origin with Cloudflare},
    author={{Cloudflare}},
    year=2020,
    howpublished={\url{https://support.cloudflare.com/hc/en-us/articles/212794707-\\General-best-practices-for-load-balancing-at-your-origin-with-Cloudflare}}
}

@misc{psl,
    title={{Public Suffix List}},
    author={{Mozilla Foundation}},
    year=2020,
    howpublished={\url{https://publicsuffix.org/}}
}

@misc{covid19-Polito-campus-traffic,
author = {T.~Favale and F.~Soro and M.~Trevisan and I.~Drago and M.~Mellia},
title = {{Campus Traffic and e-Learning during COVID-19 Pandemic}},
year =  2020,
howpublished = {\url{https://arxiv.org/abs/2004.13569}}
}

@misc{covid19-wifi-campus-traffic,
author = {C.~Zakaria and A.~Trivedi and M.~Chee and P.~Shenoy and R.~Balan},
title = {{Analyzing the Impact of Covid-19 Control Policies on Campus Occupancy and Mobility via Passive WiFi Sensing}},
year =  2020,
howpublished = {\url{https://arxiv.org/abs/2005.12050}}
}

@misc{covid19-whotimeline,
author = {World Heath Organization},
title = {{Timeline - COVID-19}},
year =  2020,
howpublished = {\url{https://www.who.int/news-room/detail/27-04-2020-who-timeline---covid-19}}
}

@misc{covid19-whostats,
author = {World Heath Organization},
title = {{WHO Coronavirus Disease (COVID-19) Dashboard}},
year =  2020,
howpublished = {\url{https://covid19.who.int/}}
}





https://covid19.who.int/?gclid=CjwKCAjw8df2BRA3EiwAvfZWaAIW3zeChciMwvqJE-IccVkdxxl8t6-uQVFJz9HPfj4WK6J0wTT6cBoCvzEQAvD_BwE

@misc{covid19-wikipedia,
author = {M.~H.~Ribeiro and K.~Gligoric and M.~Peyrard and F.~Lemmerich and M.~Strohmaier and R.~West},
title = {{Sudden Attention Shifts on Wikipedia Following COVID-19 Mobility Restrictions}},
year =  2020,
howpublished = {\url{https://arxiv.org/abs/2005.08505}}
}

@misc{Google-mobility-pandemic,
author = {Google},
title = {{COVID-19 Community Mobility Report}},
year = 2020,
howpublished = {\url{https://www.google.com/covid19/mobility/}}
}


@misc{Akamai-Inet-works-pandemic,
author={T.~Leighton},
title = {{Can the Internet keep up with the surge in demand?}},
howpublished = {\url{https://blogs.akamai.com/2020/04/can-the-internet-keep-up-with-the-surge-in-demand.html}},
year =2020
}

@misc{Akamai-30pcUS-pandemic,
author={M.~McKeay},
title = {{Parts of a whole: Effect of COVID-19 on US Internet Traffic}},
howpublished = {\url{https://blogs.akamai.com/sitr/2020/04/parts-of-a-whole-effect-of-covid-19-on-us-internet-traffic.html}},
year =2020
}

@misc{cisco-anrep,
author = {Cisco},
title = {{Cisco Annual Internet Report}},
howpublished =
{\url{https://www.cisco.com/c/en/us/solutions/executive-perspectives/annual-internet-report/index.html}},
year = 2020
}

@misc{Akamai-30pcEU-pandemic,
author={M.~McKeay},
title = {{The Building Wave of Internet Traffic}},
howpublished = {\url{https://blogs.akamai.com/sitr/2020/04/the-building-wave-of-internet-traffic.html}},
year =2020
}


@inproceedings{structural-analysis-WDWE,
  title={{Structural Analysis of Network Traffic Flows}},
  author={A.~Lakhina and K.~Papagiannaki and M.~Crovella and C.~Diot and E.~D.~Kolaczyk and N.~Taft},
  booktitle= SIGMETRICS,
  year={2004}
}

@inproceedings{mobile-WDWE,
  title={{Characterizing and ModelingInternet Traffic Dynamics of Cellular Devices}},
  author={M.~Z.~Shafiq and L.~Ji and A.~X.~Liu and J.~Wang},
  booktitle= SIGMETRICS,
  year={2011}
}

@inproceedings{BLINC,
  title={{T.~Karagiannis and D.~Papagiannaki and M.~Faloutsos}},
  author={BLINC: Multilevel Traffic Classification in the Dark},
  booktitle= SIGCOMM,
  year={2005}
}

@misc{reuters-streaming-resolution,
    author = {Foo Yun Chee (Reuters)},
    title = {{YouTube, Amazon Prime forgo streaming quality to relieve European networks}},
    year = 2020,
    howpublished = {\url{https://www.reuters.com/article/us-health-coronavirus-youtube-exclusive-idUSKBN2170OP}}
}


@inproceedings{sigcomm2011-bittorent,
author = {J.~S.~Otto and M.~S\'{a}nchez and D.~Choffnes and F.~Bustamante and G.~Siganos},
title = {{On Blind Mice and the Elephant: Understanding the Network Impact of a Large Distributed System}},
booktitle= SIGCOMM,
year = 2011
}

@inproceedings{Glasnost10,
  author    = {M.~Dischinger and
               M.~Marcon and
               S.~Guha and
               K.~Gummadi and
               R.~Mahajan and
               S.~Saroiu},
  title     = {{Glasnost: Enabling End Users to Detect Traffic Differentiation}},
booktitle = NSDI,
  year      = {2010}
}

@inproceedings{P4P,
  author    = {H.~Xie and
               Y.~R.~Yang and
               A.~Krishnamurthy and
               Y.~G.~Liu and
               A.~Silberschatz},
  title     = {{P4P: Provider Portal for Applications}},
  booktitle = SIGCOMM,
  year      = {2008}
}

@inproceedings{CoNEXT2019-HG,
   author = {E.~Pujol and I.~Poese and J.~Zerwas and G.~Smaragdakis and A.~Feldmann},
   title = {{Steering Hyper-Giants' Traffic at Scale}},
   booktitle =    {Proceedings of ACM CoNEXT 2019},
   year = {2019}
}



@misc{Labovitz-2009-2019,
author = {{C. Labovitz}},
title = {{Internet Traffic 2009-2019}},
howpublished = {{APRICOT 2019}},
year = 2019
}


@article{ISP-traffic-TNSM,
title = {{Characterization of ISP Traffic: Trends, User Habits, and Access Technology Impact}},
author = {J.~L.~Garcia-Dorado and A. Finamore and M. Mellia and M.~Meo and M.~Munafo},
journal = {IEEE Transactions on Network and Service Management},
volume = {9},
issue = {2},
year = 2012
}


@article{Cellular-sigmetrics2011,
title = {{Cellular Data Network Infrastructure Characterization and Implication on Mobile Content Placement}},
author = {Q.~Xu and J.~Huang and Z.~Wang and F.~Qian and A.~Gerber and Z.~M.~Mao},
booktitle = SIGMETRICS,
year = 2011
}


@misc{wp-internet-works,
author = {C.~Timberg},
howpublished = {The Washington Post, April 6, 2020 \url{Your Internet is working. Thank these Cold War-era pioneers who designed it to handle almost
anything}}, 
year = 2020
}

@misc{Labovitz-covid-19,
author = {C.~Labovitz},
title = {{Pandemic Impact on Global Internet Traffic}},
howpublished = {NANOG 79},
year =2020
}

@misc{Comcast-covid19,
author ={Comcast},
title ={{COVID-19 Network Update}},
howpublished = {\url{https://corporate.comcast.com/covid-19/network}},
year = 2020
}

@misc{Telegeography-covid19,
author = {Telegeography},
title = {State of the Network: Updates on Covid-19},
howpublished = {\url{https://www2.telegeography.com/network-impact}},
year =2020
}

@misc{Google-covid19,
author = {Google},
title ={Keeping our network infrastructure strong amid COVID-19},
howpublished =
{\url{https://www.blog.google/inside-google/infrastructure/keeping-our-network-infrastructure-strong-amid-covid-19/}},
year =2020
}

@article{weather-sigcomm2019,
title = {{Residential Links Under the Weather}},
author ={R.~Padmanabhan and A.~Schulman and D.~Levin and N.~Spring},
booktitle = sigcomm,
year = 2019
}

@misc{down-the-failure,
author = {N.~Bayat and K.~Mahajan and S.~Denton and V.~Misra and D.~Rubenstein},
title = {{Down for Failure: Active Power Status Monitoring}},
howpublished = {arXiv, \url{https://arxiv.org/abs/1912.03357}},
year =2020
}


@inproceedings{one-hop-Inet,
author = {Y.~Chiu and B.~Schlinker and A.~B.~Radhakrishnan and E.~Katz-Bassett and R.~Govindan},
title = {{Are We One Hop Away from a Better Internet?}},
booktitle = HOTNETS,
year = 2015
}


@inproceedings{Espresso-2017,
author = {K-K.~Yap and M.~Motiwala and J.~Rahe and S.~Padgett and M.~Holliman and
G.~Baldus and M.~Hines and T.~Kim and A.~Narayanan and A.~Jain and V.~Lin and
C.~Rice and B.~Rogan and A.~Singh and B.~Tanaka and M.~Verma and P.~Sood and
M.~Tariq and M.~Tierney and D.~Trumic and V.~Valancius and C.~Ying and
M.~Kallahalla and B.~Koley and A.~Vahdat},
title = {{Taking the Edge off with Espresso: Scale, Reliability and Programmability for Global Internet Peering}},
booktitle = SIGCOMM,
year = 2017
}
 
@inproceedings{Edge-Fabric-2017,
author = {B.~Schlinker and H.~Kim and T.~Cui and E.~Katz-Bassett and H.~V.~Madhyastha and I.~Cunha and J.~Quinn and
S.~Hasan and P.~Lapukhov and H.~Zeng},
title = {{Engineering Egress with Edge Fabric: Steering Oceans of Content to the World}},
booktitle = SIGCOMM,
year = 2017
}

@inproceedings{Interconnections-Performance-2018,
author = {F.~Wohlfart and N.~Chatzis and C.~Dabanoglu and G.~Carle and W.~Willinger},
title = {{Leveraging Interconnections for Performance: The Serving Infrastructure of a Large CDN}},
booktitle= SIGCOMM,
year = 2018
}


@misc{GGC-2019,
author ={Google},
title = {{Introduction to GGC}},
howpublished ={\url{https://peering.google.com/\#/options/google-global-cache}},
year = {2019}
}

@article{Google-purpose-built,
author = {A.~Vahdat and D.~Clark and J.~Rexford},
title = {{A purpose-built global network: Google's move to SDN}},
journal = CACM,
 volume={59},
 number={3}, 
 year = {2016}
}



@misc{Covid-Google-edge,
  title={{Keeping our network infrastructure strong amid COVID-19}},
  author={Urs Hölzle},
  howpublished={\url{https://www.blog.google/inside-google/infrastructure/keeping-our-network-infrastructure-strong-amid-covid-19/}},
  year={2020}
}


@misc{EU-ecommerce,
author = {European Commission},
title = {{EU E-commerce Statistics}},
howpublished = {\url{https://ec.europa.eu/eurostat/statistics-explained/index.php?title=E-commerce_statistics}},
year = 2019
}


@misc{US-ecommerce,
author = {US Census Bareau},
title = {{Quarterly retail e-commerce sale, Q1/2020}},
howpublished = {\url{https://www.census.gov/retail/mrts/www/data/pdf/ec_current.pdf}},
year = 2020
}


@inproceedings{harm-TPRC2019,
author = {D.~Clark and KC~Claffy},
title = {{Toward a Theory of Harms in the Internet Ecosystem}},
booktitle = TPRC,
year = 2019
}

@inproceedings{social-media-time,
author = {Broadband Search},
title = {{Average Time Spent on Social Media}},
howpublished = {\url{https://www.broadbandsearch.net/blog/average-daily-time-on-social-media}},
year =2020
}

@misc{zoom-port-doc,
author = {Zoom Video Communications},
title = {{Configure Meeting Connector Controller Port Forwarding}},
howpublished = 
{\url{https://support.zoom.us/hc/en-us/articles/204898919-Configure-Meeting-Connector-Controller-Port-Forwarding}},
year = 2020
}

@Misc{reported-date-for-netflix,
  author       = {Netflix},
  title        = {{Reducing Netflix traffic where it’s needed while maintaining the member experience}},
  year         = {2020},
  howpublished = {\url{https://media.netflix.com/en/company-blog/reducing-netflix-traffic-where-its-needed}},
}

@Misc{eu-streaming-reduction,
  author       = {European Commission},
  title        = {{Commission and European regulators calls on streaming services, operators and users to prevent network congestion}},
  year         = {2020},
  howpublished = {\url{https://ec.europa.eu/digital-single-market/en/news/commission-and-european-regulators-calls-streaming-services-\\operators-and-users-prevent-network}},
}

@Misc{netflix-restriction-lift,
  author       = {Forbes},
  title        = {{Netflix Starts To Lift Its Coronavirus Streaming Restrictions}},
  year         = {2020},
  howpublished = {\url{https://www.forbes.com/sites/johnarcher/2020/05/12/netflix-starts-to-lift-its-coronavirus-streaming-restrictions/\#7bcba5bf4738}},
}

@inproceedings{port-based-traffic-classification,
  author = {Sivanathan, Arunan and Habibi Gharakheili, Hassan and Sivaraman, Vijay},
  year = {2018},
  month = {12},
  pages = {1-4},
  title = {Can We Classify an IoT Device using TCP Port Scan?},
  doi = {10.1109/ICIAFS.2018.8913346}
}

@Misc{webex-port-information,
  author       = {Cisco},
  title        = {{Network Requirements for Webex Teams Services}},
  year         = {2020},
  howpublished = {\url{https://help.webex.com/en-us/WBX000028782/Network-Requirements-for-Webex-Teams-Services}},
}


@Misc{lol-port-information,
  author       = {Riot Games},
  title        = {{League of Legends: Troubleshooting Connection Issues}},
  year         = {2020},
  howpublished = {\url{https://support-leagueoflegends.riotgames.com/hc/en-us/articles/201752664-Troubleshooting-Connection-Issues}},
}

@Misc{ripe-query,
  title        = {{RIPE Database Query}},
  author       = {RIPE NCC},
  year 		   = {2020},
  howpublished = {\url{https://apps.db.ripe.net/db-web-ui/query}},
}


@article{bottger2018looking,
  author = {T.~B\"{o}ttger and F.~Cuadrado and S.~Uhlig},
  title = {{Looking for Hypergiants in PeeringDB}},
  year = 2018,
  volume = {48},
  number = {3},
  journal = CCR
}

@article{bottger2017hypergiant,
  title={A Hypergiant’s View of the Internet},
  author={T.~B{\"o}ttger and F.~Cuadrado and G.~Tyson and I.~Castro and S.~Uhlig},
  journal={ACM SIGCOMM CCR},
  volume={47},
  number={1},
  year={2017}
}

@article{candela2020impact,
    title = {{Impact of the COVID-19 pandemic on the Internet latency: A large-scale study}},
    journal = "Computer Networks",
    volume = "182",
    year = 2020,
    author = {M.~Candela and V.~Luconi and A.~Vecchio}
}

@misc{REDImadrid,
title = {REDImadrid},
author = {{REDImadrid}},
howpublished = {\url{https://www.redimadrid.es/}},
year = 2020
}

@misc{ITU-press-release-COVID,
title ={{Press Release: New 'State of Broadband' report warns of stark inequalities laid bare by COVID-19 crisis}},
author ={{ITU}},
howpublished = {\url{https://www.itu.int/en/mediacentre/Pages/PR20-2020-broadband-commission.aspx}},
year = 2020
}

@misc{CISCO-BNG,
tile={{Broadband Network Gateway Overview}},
author={{Cisco}},
howpublished={\url{https://www.cisco.com/c/en/us/td/docs/routers/asr9000/software/asr9k_r4-2/bng/configuration/guide/b_bng_cg42asr9k/b_bng_cg42asr9k_chapter_01.pdf}},
year=2012
}


%%% DDoS related

@misc{IXmon,
author = {K.~Subramani and R.~Perdisci and M.~Konte},
title = {{IXmon: Detecting and Analyzing DRDoS Attacks at Internet Exchange Points}},
howpublished = {CoRR abs/2006.12555},
year = 2020
}


@inproceedings{DDoSHS-2019,
  author    = {D.~Kopp and J.~Santanna and M.~Wichtlhuber and O.~Hohlfeld and I.~Poese and C.~Dietzel},
  title     = {{DDoS Hide \& Seek: On the Effectiveness of a Booter Services Takedown}},
  booktitle = IMC,
  year      = {2019}
}




@misc{2016-Mirai-attack,
  Title                    = {{KrebsOnSecurity Hit With Record DDoS}},
  HowPublished             = {\url{https://krebsonsecurity.com/2016/09/krebsonsecurity-hit-with-record-ddos}}
}


@inproceedings{mirai-botnet-usenix-security,
  title={{Understanding the Mirai Botnet}},
  author={M.~Antonakakis and T.~April and M.~Bailey and M.~Bernhard and E.~Bursztein and J.~Cochran and
Z.~Durumeric and J.~A.~Halderman and L.~Invernizzi and M.~Kallitsis and D.~Kumar and C.~Lever and
Z.~Ma and J.~Mason and D.~Menscher and C.~Seaman and N.~Sullivan and K.~Thomas and Y.~Zhou},
  booktitle={USENIX Security},
  year={2017}
}


@inproceedings{Stellar,
author = 	{C.~Dietzel and M.~Wichtlhuber and G.~Smaragdakis and A.~Feldmann},
title = 	{{Stellar: Network Attack Mitigation using Advanced Blackholing}},
booktitle =   CONEXT,
year = 		{2018}
}


@article{DDoS-current-state1:2020,
  author    = {E.~Osterweil and
               A.~Stavrou and
               L.~Zhang},
  title     = {{21 Years of Distributed Denial-of-Service: Current State of Affairs}},
  journal   = COMPUTER,
  volume    = {53},
  number    = {7},
  pages     = {88--92},
  year      = {2020}
}


@article{DDoS-call-to-action2:2020,
  author    = {E.~Osterweil and
               A.~Stavrou and
               L.~Zhang},
  title     = {{21 Years of Distributed Denial-of-Service: A Call to Action}},
  journal   = COMPUTER,
  volume    = {53},
  number    = {8},
  pages     = {94--99},
  year      = {2020}
}



@Article{Protecting-Websites-COMPUTER,
  Title                    = {{Protecting Websites from Attack with Secure Delivery Networks}},
  Author                   = {D.~Gillman and Y.~Lin and B.~Maggs and R.~K.~Sitaraman},
  Journal                  = COMPUTER,
  Year                     = {2015},
  Number                   = {4},
  Volume                   = {48}
}




@InProceedings{ixpsdn:sosrdemo2017,
  Title                    = {{SDN-enabled Traffic Engineering and Advanced Blackholing at IXPs}},
  Author                   = {C.~Dietzel and G.~Antichi and I.~Castro and E.~Fernandes and M.~Chiesa and D.~Kopp},
  Booktitle                = {Proceedings of the ACM Symposium on SDN Research},
  Year                     = {2017}
}

@InProceedings{Blackholing:PAM2016,
  Title                    = {{Blackholing at IXPs: On the Effectiveness of DDoS Mitigation in the Wild}},
  Author                   = {C.~Dietzel and A.~Feldmann and T.~King},
  Booktitle                = PAM,
  Year                     = {2016}
}


@inproceedings{Blackholing-IMC2017,
author = 	{V.~Giotsas and G.~Smaragdakis and C.~Dietzel and P.~Richter and A.~Feldmann and A.~Berger},
title = 	{{Inferring BGP Blackholing Activity in the Internet}},
booktitle =  IMC,
year = 		{2017}
}



@inproceedings{DoS-ecosystem:IMC2017,
  author    = {M.~Jonker and A.~King and J.~Krupp and C.~Rossow and A.~Sperotto and A.~Dainotti},
  title     = {{Millions of targets under attack: a macroscopic characterization of the DoS ecosystem}},
  booktitle = IMC,
  year      = 2017
}

@inproceedings{rossow14amplification,
  author  = {C.~Rossow},
  title   = {{Amplification Hell: Revisiting Network Protocols for DDoS Abuse}},
  booktitle = {NDSS},
  year    = 2014,
}

@Misc{ddosclearinghousenl,
  author       = {{EU Horizon 2020 Concordia Project}},
  title        = {{Setting up a national DDoS clearing house}},
  year         = 2020,
  howpublished = {\url{https://www.concordia-h2020.eu/blog-post/setting-up-a-national-ddos-clearing-house/}},
  month        = April,
}

@InProceedings{100gbpsintrusion,
  author    = {Z.~Zhao and H.~Sadok and N.~Atre and J.C.~How and V.~Sekar and J.~Sherry},
  title     = {{Achieving 100Gbps Intrusion Prevention on a Single Server}},
  booktitle = {USENIX OSDI},
  year      = {2020},
}

@InProceedings{zhang2020poseidon,
  author    = {M.~Zhang and G.~Li and S.~Wang and C.~Liu and A.~Chen and H.~Hu
and G.~Gu and Q.~Li and M.~Xu and J.~Wu},
  title     = {{Poseidon: Mitigating volumetric ddos attacks with programmable switches}},
  booktitle = {NDSS},
  year      = {2020},
}


@misc{Akamai-attack-1.44T,
author ={L.~Jakober},
title = {Akamai mitigates sophisticated 1.44 Tbps and 385 Mpps DDoS Attack},
howpublished = {Akamai Blog, \url{https://blogs.akamai.com/2020/06/akamai-mitigates-sophisticated-144-tbps-and-385-mpps-ddos-attack.html}},
    year = 2020
}

@misc{Cybersecurity-2020-cost,
author = {Z.~M.~Smith and E.~Lostri and J.~A.~Lewis},
title ={{The Hidden Costs of Cybercrime}},
howpublished = {McAfee,\url{https://www.mcafee.com/enterprise/en-us/assets/reports/rp-hidden-costs-of-cybercrime.pdf}},
year = 2020
}
%https://www.washingtonpost.com/politics/2020/12/07/cybersecurity-202-global-losses-cybercrime-skyrocketed-nearly-1-trillion-2020/

@inproceedings{IMC2020-COVID19,
author = 	{A.~Feldmann and O.~Gasser and F.~Lichtblau and E.~Pujol and
I.~Poese and C.~Dietzel and D.~Wagner and M.~Wichtlhuber and J.~Tapiador and
N.~Vallina-Rodriguez and O.~Hohlfeld and G.~Smaragdakis},
title = 	{{The Lockdown Effect: Implications of the COVID-19 Pandemic on Internet Traffic}},
booktitle =    	IMC,
year = 		{2020}
}


@inproceedings{Booters-IMC2019,
author = {B.~Collier and D.~R.~Thomas and R.~Clayton and A.~Hutchings},
title = {{Booting the booters: Evaluating the effects of police interventions}},
booktitle = IMC,
year = {201}
}

@misc{NETSCOUT,
author = {C.~Morales},
title ={{NETSCOUT Arbor Confirms 1.7 Tbps DDoS Attack; The Terabit Attack Era Is Upon Us}},
howpublished = {\url{https://www.netscout.com/blog/asert/netscout-arbor-confirms-17-tbps-ddos-attack-terabit-attack-era}},
year = 2018
}

@misc{RADb,
author = {RADb},
title ={{RADb: The Internet Routing Registry}},
howpublished = {\url{https://www.radb.net}},
year = 2021
}

@misc{Anti-DDoS-NL,
author = {No more DDoS Coallition consortium},
title ={{National Anti-DDoS-coalition}},
howpublished = {\url{https://www.nomoreddos.org/en/}},
year = 2021
}

@misc{MANRS,
author = {MANRS initiative},
title ={{Mutually Agreed Norms for Routing Security}},
howpublished = {\url{https://www.manrs.org/}},
year = 2021
}


@InProceedings{jonker16-dps,
  Title                    = {{Measuring the Adoption of DDoS Protection Services}},
  Author                   = {M.~Jonker and A.~Sperotto and R.~van~Rijswijk-Deij and R.~Sadre and A.~Pras},
  Booktitle                = IMC,
  Year                     = {2016}
}


@InProceedings{jonker2017dpsexposure,
  author       = {M.~Jonker and A.~Sperotto},
  title        = {{Measuring Exposure in DDoS Protection Services}},
  booktitle    = {IEEE Network and Service Management},
  year         = {2017}
}

@InProceedings{vissers15dns-dps,
  Title                    = {{Maneuvering around clouds: Bypassing cloud-based security providers}},
  Author                   = {T.~Vissers and T.~Van Goethem and W.~Joosen and N.~Nikiforakis},
  Booktitle                = {ACM CCS},
Year                     = {2015}
}

@inproceedings{remote-peering-IMC18,
author = {G.~Nomikos and V.~Kotronis and P.~Sermpezis and P.~Gigis and
L.~Manassakis and C.~Dietzel and S.~Konstantaras and X.~Dimitropoulos and V.~Giotsas},
title = {{O Peer, Where Art Thou? Uncovering Remote Peering Interconnections at
IXPs}},
year = {2018},
booktitle = IMC
}

@inproceedings{LADS-DDoS,
author = {V.~Sekar and N.~Duffield and O.~Spatscheck and K.~van der Merwe and H.~Zhang},
title = {{LADS: Large-scale Automated DDoS detection System}},
year = 2006,
booktitle = {{USENIX} Security}
}

@inproceedings{ZOMBIE-ROUNDUP,
title = {{The Zombie Roundup: Understanding, Detecting, and Disrupting
Botnets}},
author = {E.~Cooke and F.~Jahanian and D.~McPherson},
year = 2005,
booktitle = {{USENIX} Sruti}
}

@inproceedings{NDSS19_CetinGLAKITTYv19,
  title={{Cleaning Up the Internet of Evil Things: Real-World Evidence on ISP and Consumer Efforts to Remove Mirai}},
  author={O.~\c{{C}}etin and C.~Ga{\~n}{\'a}n and L.~Altena and T.~Kasama and D.~Inoue and K.~Tamiya and Y.~Tie and K.~Yoshioka and M.~van Eeten},
  booktitle={NDSS},
  year={2019}
}

@inproceedings{AS-Based-DDoS,
title = {{AS-Based Accountability as a Cost-effective DDoS Defense}},
author = {D.~R.~Simon and S.~Agarwal and D.~A.~Maltz},
booktitle = {HotBots},
year = {2007}
}

@inproceedings{Blockchain-Based-Architecture-DDoS,
title ={{A Blockchain-Based Architecture for Collaborative DDoS Mitigation with Smart Contracts}},
author ={B.~Rodrigues and T.~Bocek and A.~Lareida and D.~Hausheer and S.~Rafati and B.~Stiller},
year = {2017},
booktitle ={AIMS}
}

@inproceedings{Exit-Hell,
title = {{Exit from hell? Reducing the impact of amplification DDoS attacks}},
author = {M.~K\"uhrer and T.~Hupperich and C.~Rossow and T.~Holz},
year = {2014},
booktitle = {USENIX Security}
}

@inproceedings{impact-DDoS-eurosec,
title = {{On measuring the impact of DDoS botnets}},
author = {A.~Welzel and C.~Rossow and H.~Bos},
year = {2014},
booktitle = {EuroSec}
}

@inproceedings{aging-blocklisting,
title = {{Quantifying the Impact of Blocklisting in the Age of Address}},
author = {S.~Ramanathan and A.~Hossain and J.~Mirkovic and M.~Yu and S.~Afroz},
year = 2020,
booktitle =IMC
}

@article{collaborative-blacklisting,
  author = {L.~Melis and A.~Pyrgelis and E.~De.~Cristofaro},
  title = {{On Collaborative Predictive Blacklisting}},
  year = {2018},
  volume = {48},
  number = {5},
  journal = CCR
}

@inproceedings{Katti-lists,
title = {{Collaborating against common enemies}},
author = {S.~Katti and B.~Krishnamurthy and D.~Katabi},
year = 2005,
booktitle = IMC
}

@inproceedings{Melis-lists,
title = {{Efficient Private Statistics with Succinct
Sketches}},
author = {L.~Melis and G.~Danezis and E.~De~Cristofaro},
year = 2016,
booktitle = {NDSS}
}

@inproceedings{Freudiger-lists,
title = {{Controlled Data Sharing for Collaborative Predictive Blacklisting}},
author = {J.~Freudiger and E.~De~Cristofaro and A.~Brito},
year = 2015,
booktitle = {DIMVA}
}

@misc{Memcached-Akamai,
author = {Akamai},
title ={{State of the Internet Security Report (Attack Spotlight: Memcached)}},
howpublished =
{\url{https://www.akamai.com/us/en/multimedia/documents/state-of-theinternet/soti-summer-2018-attack-spotlight.pdf}},
year=2018
}

@misc{Flowspec11,
title = {{Arm Yourself Against DDoS Attacks: Using BGP Flow Specification
for Advanced Mitigation Architectures}},
author = {K.~Carriello},
howpublished = {\url{http://forum.ix.br/files/apresentacao/}},
year = 2017
}

@misc{Flowspec66,
author = {J.~Ryburn},
title = {{DDoS Mitigation Using BGP Flowspec}},
howpublished ={NANOG 63},
year = 2015
}


@inproceedings{SENSS,
author = {S.~Ramanathan and J.~Mirkovic and M.~Yu and Y.~Zhang},
title = {{SENSS Against Volumetric DDoS Attacks}},
booktitle = {ACSAC},
year = {2018}
}

@Misc{DOTS-RFC,
  Title                    = {{DDoS Open Threat Signaling (DOTS) Requirements}},
  Author                   = {A. Mortensen and T. Reddy and R. Moskowitz},
  HowPublished             = {{IETF RFC 8612}},
  Year                     = {2009}
}

@inproceedings{Practical-verifiable-DDoS,       
author = {D.~Gong and M.~Tran and S.~Shinde and H.~Jin and V.~Sekar and P.~Saxena and M.~S.~Kang},
title = {{Practical Verifiable In-network Filtering for DDoS Defense}},
booktitle = {IEEE ICDCS},           
year = {2019}               
}

@inproceedings{Booters-Stress-Test,       
author = {M.~Karami and Y.~Park and D.~McCoy},
title = {{Stress Testing the Booters: Understanding and Undermining the Business of DDoS Services}},
booktitle = {WWW},           
year = {2016}               
}

@inproceedings{Harm-CCS2021,
title ={{Scan, Test, Execute:
Adversarial Tactics in Amplification DDoS Attacks}},
author = {H.~Griffioen and K.~Oosthoek and P.~van~der~Knaap and 
C.~Doerr},
booktitle = {ACM CCS},
year = {2021}
}

@Misc{Labovitz-e2e-attacks,
  Title                    = {{Tracing Volumetric DDoS to its
Booter / IPHM Origins}},
  Author                   = {C.~Labovitz},
  HowPublished             = {NANOG 82},
  Year                     = {2021}
}

@misc{EU-GDPR,
title = {{Data protection in the EU, The General Data Protection Regulation (GDPR); Regulation (EU) 2016/679}},
howpublished = {https://ec.europa.eu/info/law/law-topic/data-protection/},
year = 2016
}

@article{CACM-COVID19,
 author = {A.~Feldmann and O.~Gasser and F.~Lichtblau and E.~Pujol and I.~Poese
and C.~Dietzel and D.~Wagner and M.~Wichtlhuber and J.~Tapiador and
N.~Vallina-Rodriguez and O.~Hohlfeld and G.~Smaragdakis},
 title = {{A Year in Lockdown:
How the Waves of COVID-19 Impact Internet Traffic}},
 journal = {{Communications of the ACM}},
 volume={64},
 number={7},
 pages={101-108},
 month={July},
 year = {2021}
}

@online{rapid7,
  title={{Project Sonar}},
  author={Rapid7 Labs},
  url ={https://opendata.rapid7.com/},
  year={2021}
}

@inproceedings{censys15,
    author = {Z.~Durumeric and D.~Adrian and A.~Mirian and M.~Bailey and J.~A.~Halderman},
    title = {{A Search Engine Backed by {I}nternet-Wide Scanning}},
    booktitle = {CCS},
    year = {2015}
}

@online{Arbor-DDoS,
author = {NETSCOUT},
title = {Arbor DDoS Protection},
url = {https://www.netscout.com/ddos-protection},
year = 2021
}

@online{Akamai-DDoS,
author = {Akamai},
title = {Akamai Security Solutions},
url = {https://www.akamai.com/solutions/security},
year = 2021
}

@online{CloudFlare-DDoS,
author = {CloudFlare},
title = {CloudFlare Comprehensive DDoS Protection},
url = {https://www.cloudflare.com/ddos/},
year = 2021
}


@inproceedings{Moura-scrubbing,
author = {Giovane C. M. Moura and Cristian Hesselman and Gerald Schaapman and Nick Boerman and Octavia de Weerdt},
title = {{Into the DDoS Maelstrom: a Longitudinal Study of a Scrubbing Service}},
booktitle = {5th International Workshop on Traffic Measurements for Cybersecurity},
year  = 2020
}

@Comment{jabref-meta: databaseType:biblatex;}

